2882 3343
1177 921 1781 999 cAPvT1;

1351 1115 1606 1125 ——-—-

1396 1203 1447 1281 §.
1503 1214 1550 1265 1.

673 1351 1039 1406 Eruditionem
1075 1369 1234 1418 prope
1270 1367 1469 1401 omnem
1507 1360 1555 1400 et
1585 1349 1648 1398 ad
1685 1349 2042 1397 humanitatem
2081 1349 2477 1416 informationem

476 1455 624 1485 nemo
660 1437 814 1485 nescit
843 1436 903 1484 iis
935 1436 1163 1497 saeculis,
1208 1451 1336 1498 quae
1372 1434 1713 1483 consuevimus
1749 1431 1901 1481 medii
1948 1433 2052 1481 aevi
2096 1434 2301 1481 nomine
2340 1452 2480 1483 com-

472 1511 806 1582 prehendere,
850 1529 1085 1581 septem
1141 1516 1501 1565 liberalium
1557 1516 1781 1564 artium
1838 1515 1959 1563 orbe
2017 1525 2313 1563 coarctatam
2361 1535 2478 1564 esse.

476 1604 545 1648 De
584 1604 764 1667 quibus
797 1601 1053 1664 potissima
1085 1600 1368 1647 testimonia
1396 1599 1518 1646 haec
1551 1609 1697 1660 sunt,
1732 1617 1859 1661 quae
1893 1597 2016 1644 infra
2046 1598 2303 1660 posuimus
2338 1600 2479 1662 quod

473 1703 643 1730 eorum
677 1694 863 1730 certum
898 1685 1125 1729 volumus
1162 1684 1212 1728 in
1246 1682 1577 1745 disputatione
1613 1691 1781 1726 nostra
1817 1699 1957 1730 usum
1998 1698 2115 1725 esse.
2187 1681 2483 1727 Exci-dirum=

472 1767 533 1810 ab
567 1766 758 1812 Isidoro
797 1766 929 1831 Orig.
967 1767 1003 1828 Ι,
1037 1782 1079 1813 c.
1109 1771 1164 1813 2:
1205 1766 1421 1833 Discip
1434 1766 1596 1813 linae
1628 1764 1912 1812 liberalium
1935 1768 2119 1812 artium
2141 1777 2325 1830 septem
2347 1778 2479 1812 sunt.

466 1853 635 1913 prima
667 1854 998 1916 grammatica
1034 1855 1063 1898 i.
1101 1868 1143 1898 e.
1178 1851 1415 1918 loquendi
1442 1852 1639 1915 peritia.
1676 1848 1898 1896 secunda
1934 1850 2212 1895 rhetorica.
2253 1887 2262 1897 .
2302 1886 2312 1897 .
2334 1855 2483 1897 tertia

470 1931 735 1981 dialectica
779 1944 1107 1999 cognomento
1150 1934 1320 2000 logica
1356 1966 1367 1978 .
1402 1965 1415 1978 .
1454 1967 1464 1977 .
1503 1943 1684 2000 quarta
1728 1933 2047 1979 arithmetica
2092 1948 2220 2000 quae
2266 1936 2483 1982 continet

470 2031 788 2064 numerorum
824 2032 1029 2065 caussas
1063 2028 1112 2066 et
1152 2016 1444 2065 divisiones.
1491 2017 1664 2082 quinta
1700 2017 1889 2063 musica
1924 2030 2052 2081 quae
2088 2018 2140 2061 in
2174 2016 2479 2064 carminibus

471 2098 796 2167 cantibusque
836 2102 1077 2150 consistit.
1121 2110 1273 2150 sexta
1313 2101 1615 2166 geometrica
1656 2114 1785 2167 quae
1828 2113 2087 2147 mensuras
2121 2098 2481 2149 dimensiones-

468 2199 562 2248 que
596 2182 949 2247 complectitur.
983 2185 1194 2247 septima
1226 2184 1531 2233 astronomia
1571 2199 1701 2249 quae
1742 2183 1962 2231 continet
2005 2181 2164 2247 legem
2209 2192 2477 2230 astrorum.

470 2263 540 2311 Ab
576 2261 764 2312 Isidoro
801 2264 965 2327 aliqua
999 2281 1056 2313 ex
1091 2273 1228 2328 parte
1263 2264 1507 2328 discrepat
1546 2282 1649 2313 uno
1686 2264 1881 2312 circiter
1926 2264 2119 2312 saeculo
2167 2264 2327 2311 maior
2362 2263 2479 2312 Cas-

468 2346 696 2395 siodorus
731 2365 790 2395 eo
827 2347 955 2395 libro
992 2366 1141 2410 quem
1178 2348 1241 2397 de
1275 2347 1471 2398 artibus
1504 2361 1550 2396 et
1596 2346 1982 2411 disciplinis
2028 2346 2310 2395 liberalium
2345 2346 2480 2396 litte-

419 2413 423 2416 1
468 2448 637 2476 rarum
672 2431 888 2492 scripsitg,
925 2432 995 2476 sic
1026 2433 1159 2477 enim
1192 2433 1271 2477 ille
1299 2433 1463 2491 voLll,
1494 2450 1542 2493 p.
1567 2433 1665 2478 528
1684 2432 1717 2476 b
1755 2429 1831 2476 ed.
1855 2429 2034 2492 Garett.
2074 2429 2124 2475 in
2148 2428 2479 2490 praefatione:

467 2510 828 2580 dicendumque
856 2517 1003 2579 prius
1036 2527 1111 2563 est
1146 2514 1211 2562 de
1243 2527 1353 2563 arte
1387 2518 1739 2581 grammatica,
1775 2531 1903 2580 quae
1937 2525 2010 2561 est
2056 2511 2296 2560 videlicet
2331 2517 2480 2578 origo

466 2605 512 2641 et
532 2594 927 2654 fundamentum
960 2597 1244 2646 liberalium
1274 2598 1552 2647 litterarum
1588 2630 1797 2646 .....
1835 2596 2056 2647 secundo.
2092 2596 2156 2645 de
2203 2608 2314 2645 arte
2361 2580 2482 2644 rhess

466 2680 628 2726 torica
663 2717 672 2727 .
711 2712 722 2723 .
758 2714 768 2725 .
807 2682 955 2727 tertio
988 2679 1055 2729 de
1098 2680 1269 2748 logica
1309 2698 1438 2749 quae
1482 2681 1748 2730 dialectica
1796 2691 2115 2746 nuncupatur
2152 2719 2161 2728 .
2202 2715 2213 2726 .
2251 2719 2261 2728 .
2298 2690 2477 2748 quarto

465 2758 529 2808 de
559 2760 907 2812 mathematica
936 2780 1065 2832 quae
1097 2775 1336 2832 quattuor
1371 2760 1714 2832 complectitur
1747 2764 2069 2831 disciplinas,
2107 2763 2162 2812 id
2202 2774 2278 2813 est
2319 2764 2479 2811 arith-

466 2845 690 2894 meticam
709 2884 721 2904 ,
759 2850 1136 2911 geometricam,
1185 2848 1427 2901 musicam
1473 2860 1522 2898 et
1564 2852 1965 2898 astronomicam.
2051 2846 2265 2896 Eandem
2313 2856 2478 2894 autem

2044 2936 2064 2976 1
