2882 3343
1196 183 1553 239 ...o-

364 324 487 388 Nam
523 322 904 387 Rhetorieomm
937 321 1077 373 libri
1111 319 1342 389 Varronis
1375 319 1416 368 si
1462 321 1751 388 exstiterunt
1792 339 2055 387 unquam,
2091 323 2257 389 qnod
2274 339 2379 375 ense

365 405 466 454 veri
500 404 661 456 simile
696 418 957 481 negamus,
988 402 1168 454 diversi
1201 401 1399 451 fuerint
1439 418 1468 467 a
1506 402 1889 467 compendiaria
1927 405 2023 456 illa
2044 407 2379 473 expositione·

366 492 434 537 Ac
468 489 703 562 proclivis
735 497 810 536 est
843 487 908 536 de
944 485 1261 540 librariorum
1302 485 1423 533 vitio
1456 486 1696 563 suspicio:
1720 487 1952 550 quando
1974 490 2026 538 in
2049 491 2207 542 Nouii
2239 489 2382 541 codi-

367 573 509 624 cibus
557 589 660 621 non
698 570 853 619 modo
888 570 952 620 de
985 585 1042 619 re
1070 567 1279 634 publica
1311 577 1362 617 et
1394 569 1460 619 de
1492 585 1550 619 re
1593 588 1644 635 p.
1689 586 1731 618 r.
1778 578 1826 618 et
1873 570 1941 620 de
1986 581 2158 622 rerum
2200 584 2385 625 natura

367 655 484 703 libri
521 649 625 702 sola
658 652 980 702 scribentium
1018 650 1396 716 velelegentium
1438 652 1695 701 oscitantia
1731 652 1877 717 positi
1911 663 2027 701 sunt
2062 671 2155 717 pro
2181 660 2262 705 rei
2293 675 2385 706 ru·

366 742 525 787 sticae
558 737 711 798 libris,
744 734 836 784 sed
870 735 1132 783 manifesto
1168 750 1336 781 errore
1372 734 1590 796 ipsorum
1627 734 1755 782 adeo
1788 733 2176 786 Rhetoricorum
2201 738 2285 787 lib.
2316 757 2386 788 xx

369 830 443 866 ter
479 821 544 882 (p.
582 820 665 880 59,
698 825 743 867 2.
781 819 864 879 92,
901 822 978 864 10.
1017 813 1091 869 14)
1127 824 1546 862 commemoratus
1581 832 1672 879 pro
1709 815 1897 864 Rerum
1936 820 2264 868 humanarum
2299 821 2383 868 lib.

372 920 465 959 xx,
514 901 569 949 id
618 900 757 966 quod
801 917 828 948 a
863 899 1109 963 Scaligero
1144 901 1438 963 Popmaque
1474 915 1533 946 eo
1581 900 1758 947 certius
1800 900 2100 949 intellectum
2140 911 2239 964 est,
2283 920 2384 968 quo

373 985 683 1049 probabilius
713 982 777 1030 ad
813 981 1027 1029 eundem
1063 983 1169 1029 Ber.
1203 983 1340 1029 hum.
1378 981 1558 1028 librum
1601 984 1846 1029 consimili
1884 1001 2049 1031 errore
2086 986 2179 1031 orti
2225 994 2274 1033 et
2311 989 2389 1034 rei

367 1067 600 1133 publicae
637 1064 721 1114 lib.
754 1082 825 1113 xx
878 1067 947 1130 (p.
986 1066 1111 1126 161,
1146 1068 1191 1120 7)
1244 1073 1292 1110 et
1344 1063 1410 1112 de
1459 1080 1515 1112 re
1565 1067 1757 1113 rustica
1801 1064 1885 1113 lib.
1927 1082 2018 1114 xx·
2045 1071 2110 1130 (p.
2149 1068 2273 1129 519,
2306 1070 2385 1118 22)

374 1149 664 1202 referuntur.
738 1148 1038 1212 Quanquam
1076 1156 1131 1194 ut
1164 1147 1317 1194 libere
1361 1146 1500 1210 quod
1542 1147 1780 1195 sentimus
1820 1148 2086 1211 fateamur,
2121 1150 2237 1199 licet
2271 1167 2390 1214 pro-

373 1233 498 1280 fecto
535 1230 659 1280 illud
701 1248 782 1280 111.
818 1229 1209 1280 Rhetoricorum
1254 1229 1319 1276 ita
1354 1229 1536 1291 tutari,
1581 1238 1637 1277 ut
1677 1230 1805 1278 male
1844 1231 2116 1280 Priscianus
2160 1232 2211 1281 in
2262 1232 2391 1281 banc

344 1315 563 1380 'partem
600 1300 945 1379 interpretatus
985 1329 1089 1361 esse
1134 1312 1360 1362 credatur
1394 1312 1792 1380 Disciplinarum
1831 1313 2013 1365 librum
2062 1332 2126 1363 ιιι
2168 1314 2234 1366 de
2274 1317 2392 1366 rhe-

377 1402 568 1457 torica,
607 1416 706 1462 qua
742 1396 927 1446 citandi
970 1396 1127 1445 forma
1160 1396 1519 1461 percommode
1554 1397 1626 1445 uti
1661 1397 1897 1455 vetustior
1937 1398 2113 1463 aliquis
2146 1416 2392 1464 gramma-

342 1472 346 1484 ’
376 1483 505 1531 ticus
536 1489 785 1547 potuerat,
822 1480 863 1528 si
897 1480 1054 1528 modo
1080 1489 1195 1528 ante
1219 1480 1536 1544 rhetoricam,
1572 1498 1673 1529 non
1711 1491 1824 1545 post
1858 1499 1966 1529 eam
1997 1491 2052 1530 ut
2074 1480 2394 1531 Cassiodorus

378 1564 724 1628 Isidorusque,
758 1563 1066 1611 dialecticam
1103 1565 1252 1611 Varro
1289 1572 1591 1611 tractaverat.
1672 1564 1729 1611 ld
1775 1574 1938 1611 autem
1986 1566 2148 1629 ipsum
2195 1581 2395 1628 prorsus

383 1646 623 1695 credibile
660 1656 731 1694 est
766 1664 866 1693 non
902 1656 1093 1693 tantum
1131 1655 1336 1710 propter
1369 1648 1622 1710 Augustini
1658 1648 2023 1711 Marcianique,
2059 1648 2398 1711 antiquiorum

386 1739 436 1778 et
469 1730 851 1794 locupletiorum
881 1731 1110 1792 testium,
1146 1730 1427 1794 exemplum
1474 1729 1693 1778 secundo
1741 1730 1853 1778 loco
1891 1729 2197 1787 dialecticam
2245 1730 2401 1777 collo-

386 1813 633 1875 cantium,
668 1812 756 1859 sed
791 1813 943 1877 magis
978 1813 1127 1860 etiam
1163 1813 1342 1860 iccirco
1386 1812 1526 1877 quod
1561 1829 1588 1860 a
1624 1813 1857 1860 contrarii
1895 1811 2085 1859 ordinis
2119 1813 2403 1860 auctoribus

384 1894 679 1943 Cassiodoro
719 1905 768 1942 et
800 1895 992 1943 Isidoro
1029 1897 1181 1960 ipsius
1213 1896 1445 1943 Varronis
1475 1895 1537 1943 de
1571 1905 1780 1959 utraque
1816 1904 1918 1942 arte
1953 1895 2121 1956 verba,
2155 1912 2285 1958 quae
2320 1912 2403 1943 su-

347 1980 351 1993 '
383 1995 471 2043 pra
496 1979 769 2044 posuimus,
805 1979 871 2027 ita
893 1978 1176 2044 produntur
1201 1988 1255 2028 ut
1273 1979 1570 2028 rhetoricam
1589 1977 1854 2044 praecedat
1869 1977 2137 2026 dialectica.
2176 1975 2402 2027 Ceterum

344 2061 350 2069 '
384 2062 744 2125 percommode
780 2079 892 2111 cum
928 2062 1166 2112 Prisciani
1204 2063 1431 2127 exemplo
1473 2063 1748 2127 comparari
1787 2060 1906 2109 illud
1944 2070 2130 2125 potest,
2165 2061 2307 2126 quod
2342 2061 2404 2109 de

384 2146 549 2211 lingua
584 2146 734 2194 latina
767 2146 879 2194 libri
910 2156 984 2195 sat
1022 2147 1189 2195 multis
1217 2147 1651 2212 grammatico-rum
1686 2147 1809 2194 locis
1841 2146 1906 2201 ita
1932 2144 2405 2206 commemorantur,

383 2239 438 2275 ut
473 2230 701 2277 afferatur
739 2230 915 2278 Varro
950 2230 1016 2279 de
1048 2233 1226 2298 lingua
1259 2232 1421 2279 latina
1448 2230 1518 2277 ad
1537 2230 1826 2278 Ciceronem
1849 2229 1942 2288 (vel
1963 2228 2233 2292 simplicius
2255 2228 2402 2274 etiam

387 2312 567 2360 Varro
601 2313 672 2360 ad
709 2312 1019 2372 Ciceronem)
1059 2314 1253 2361 adiecto
1290 2331 1350 2361 eo
1389 2314 1500 2361 libri
1541 2330 1748 2360 numero
1796 2313 1883 2377 qui
1931 2311 1995 2359 ad
2036 2328 2162 2377 opus
2206 2311 2405 2357 univer-

386 2414 493 2443 sum
539 2414 648 2446 xxiv
700 2398 837 2445 libris
886 2399 1304 2463 comprehensum
1346 2408 1561 2463 spectat,
1598 2398 1802 2454 ‚tametsi
1857 2404 2092 2460 quattuor
2148 2395 2210 2441 ab
2263 2394 2403 2442 initio

387 2479 500 2526 libri
534 2481 742 2529 minime
772 2489 888 2530 sunt
920 2481 986 2531 ad
1021 2480 1311 2530 Ciceronem
1347 2482 1533 2547 scripti.

1319 2680 1371 2759 ς.
1413 2688 1466 2744 4.

588 2824 814 2872 Primum
845 2835 1006 2874 autem
1043 2829 1208 2876 locum
1245 2845 1324 2876 res
1358 2829 1464 2893 ipsa
1498 2828 1720 2893 loquitur
1751 2815 2192 2893 grammaticae
2226 2824 2405 2870 Varro-

337 2901 342 2949 ἶ
382 2923 501 2957 nem
548 2923 664 2957 cum
711 2909 917 2974 reliquis
968 2913 1253 2962 auctoribus
1305 2913 1540 2964 omnibus
1589 2912 1834 2960 tribuisse.
1925 2907 2040 2968 Quo
2093 2907 2222 2955 libro
2267 2906 2407 2955 facile
