2882 3343
1230 137 1625 193 -39—

428 280 602 350 quales
631 288 776 337 sime,
813 275 1304 354 'Qu'fifflMK-QC'P’
1340 288 1557 328 tesserae
1584 275 1769 347 quibus
1803 280 1856 327 in
1886 279 2085 330 alveolo
2114 283 2334 342 luditur,
2358 301 2436 335 ex

425 364 699 432 ‹pmoipsae
729 373 925 428 queque
953 359 1241 426 appellatae
1265 359 1425 425 κύβοι.
1470 364 1522 408 in
1565 364 1790 411 numeris
1835 364 1984 410 etiam
2025 367 2257 417 similiter
2289 366 2437 432 κύβος

425 444 629 504 dicium,
666 457 777 492 cum
809 458 954 493 omne
985 442 1117 493 latus
1148 443 1372 493 eiusdem
1403 448 1599 493 numeri
1624 445 1956 513 aequabiliter
1990 448 2044 495 in
2066 462 2175 497 sese
2202 451 2433 510 solvitur,

428 527 584 577 sicuti
599 524 685 589 fit·
703 541 815 576 cum
848 536 926 576 ter
969 537 1112 576 terna
1144 524 1401 576 ducuntur
1432 537 1590 594 atque
1616 527 1743 576 idem
1782 532 1888 594 ipse
1933 545 2172 580 numerus
2214 519 2435 596 triplica-

430 619 528 658 tur.
569 608 724 659 huius
755 611 952 659 numeri
984 607 1165 658 cubum
1199 607 1529 676 Pythagoras
1561 611 1665 657 vim
1701 610 1882 661 habere
1914 612 2112 662 lunaris
2144 613 2328 663 circuli
2360 614 2437 662 di-

424 693 536 747 ωἰι,
572 691 710 761 quod
740 704 790 742 et
824 692 947 741 luna
979 690 1150 741 orbem
1182 708 1327 741 suum
1361 690 1541 742 lustret
1571 705 1755 758 septem
1790 706 1837 743 et
1877 697 2071 762 viginti
2102 695 2306 757 diebus,
2351 700 2440 765 qui

434 792 671 843 numerus
704 778 884 838 ternio,
918 778 1009 844 qui
1039 791 1222 845 graece
1242 774 1433 824 dicitur
1466 775 1632 842 τριάς,
1669 778 1955 828 tantundem
1989 779 2183 848 efficiat
2217 784 2270 828 in
2293 780 2438 829 cubo,

428 861 567 910 linea-
592 871 759 910 autem
791 876 825 909 a
858 863 1048 910 nostris
1080 859 1299 922 dicitur,
1327 877 1476 928 quam
1510 860 1738 924 γραμμὴν
1775 861 1962 911 Graeci
2000 868 2275 914 nominant.
2328 881 2437 913 eam

426 944 502 993 M.
543 943 719 992 Varro
750 947 823 992 ita
856 942 1057 1006 definit:
1090 943 1227 992 linea
1259 954 1347 1000 est,
1367 945 1566 1013 Q&
1600 944 1866 1011 longitudo
1900 947 2141 1013 quaedam
2175 951 2288 997 sine
2319 947 2439 995 Iati-

437 1026 615 1074 tudine
646 1036 696 1073 et
729 1026 1011 1075 altitudine.
1087 1026 1330 1075 Euclides
1361 1037 1528 1075 autem
1562 1026 1759 1075 brevius
1786 1035 2139 1093 praetermissa
2169 1030 2440 1080 altitudine

428 1107 628 1170 γραμμὴ
663 1119 756 1166 est,
793 1111 968 1177 inquit,
1004 1111 1151 1169 μῆκος
1185 1107 1443 1163 ἀπλατέςὲ(
1477 1124 1519 1155 e.
1557 1125 1604 1173 q.
1638 1125 1675 1156 s.
1745 1111 2015 1173 Euclidem,
2049 1112 2135 1176 qui
2169 1122 2334 1159 tamen
2369 1112 2434 1158 ab

430 1191 538 1253 ipso
574 1199 739 1254 potest
770 1193 987 1239 Varrone
1023 1200 1442 1239 commemoratus
1476 1208 1578 1239 esse
1590 1228 1606 1254 ,
1638 1193 1862 1256 sequitur
1890 1193 2160 1241 Marcianus
2192 1213 2240 1258 p.
2274 1198 2387 1243 228.
2431 1246 2435 1254 ¹

1335 1445 1387 1523 ς.
1432 1454 1522 1508 18.

628 1609 728 1660 Sed
761 1611 840 1660 his
875 1611 1107 1659 omnibus
1143 1619 1336 1658 tantum
1372 1610 1509 1657 abest
1540 1619 1596 1658 ut
1628 1611 1700 1658 vis
1735 1620 1784 1658 et
1816 1609 1956 1658 notio
1990 1611 2289 1674 geometriae
2321 1612 2440 1659 Var—

426 1695 666 1745 ronianae
700 1703 1098 1757 consummetur,
1133 1694 1193 1742 iis
1224 1702 1282 1742 ut
1314 1702 1502 1741 tantum
1538 1703 1803 1758 praecepta
1837 1695 1952 1741 artis
1985 1694 2035 1740 h.
2074 1710 2116 1740 e.
2154 1710 2349 1741 caussae
2394 1704 2439 1741 et

426 1778 674 1843 principia
708 1795 734 1825 e
770 1767 1139 1826 mathematicis
1174 1777 1448 1826 rationibus
1491 1776 1699 1841 repetita
1736 1777 2104 1839 contineantur,
2139 1777 2320 1841 quibus
2356 1793 2438 1825 ac-

428 1861 572 1908 cessit
606 1878 717 1924 pars
750 1860 992 1924 πρακτικὴ
1037 1859 1100 1908 ad
1134 1860 1261 1908 vitae
1293 1876 1433 1907 usum
1472 1869 1725 1923 spectans,
1762 1876 1921 1923 eaque
1947 1876 2159 1907 *rursum
2211 1860 2433 1907 bifariam

427 1942 595 1993 divisa.
667 1944 742 1991 Ab
782 1944 887 2007 ipsa
928 1944 1061 1991 enim
1112 1943 1338 1992 vocabuli
1385 1943 1571 2007 origine
1619 1942 1869 2007 profectus
1914 1942 2235 2006 geometriam
2280 1942 2430 1989 Varro

430 2025 623 2073 definiit
654 2036 814 2073 terrae
848 2026 1130 2073 metiendae
1162 2026 1496 2090 disciplinam:
1533 2043 1651 2089 quar
1674 2027 1882 2073 notione
1928 2025 2053 2088 agris
2094 2025 2192 2073 sive
2230 2025 2430 2088 privatis

426 2109 527 2154 sive
561 2109 772 2173 publicis
806 2108 1126 2155 dimetiendis
1159 2108 1381 2155 adhibita
1422 2109 1478 2155 fit
1522 2109 1909 2173 agrimensor-um
1956 2125 2034 2154 ars
2073 2108 2429 2171 gromatica

428 2191 599 2254 (quam
634 2207 748 2237 cum
771 2195 967 2250 formis
999 2196 1317 2256 geometricis
1353 2193 1498 2239 etiam
1533 2191 1852 2238 Cassiodorus
1884 2194 1992 2238 Var.
2022 2191 2109 2250 ΙΙΙ,
2145 2194 2209 2236 52
2243 2191 2431 2249 sociat),

425 2272 492 2319 ad
525 2282 685 2320 terras·
719 2275 969 2321 universas
1003 2276 1281 2340 orbemque
1323 2275 1448 2322 adeo
1487 2284 1729 2322 terrarum
1774 2275 1997 2322 traducta
2040 2275 2253 2320 nascitur
2292 2289 2432 2337 geo-

423 2356 707 2420 graphia.
777 2357 853 2405 Ad
887 2367 1166 2423 utramque
1187 2358 1494 2423 disciplinam
1518 2359 1788 2406 Varronem
1817 2359 2026 2406 voluisse
2061 2373 2196 2404 suam
2226 2372 2432 2421 geome-

423 2437 571 2486 triam
607 2439 857 2503 pertinere
888 2441 1106 2505 primum
1141 2441 1437 2506 perspicitur
1468 2457 1495 2488 e
1523 2441 1783 2489 communi
1804 2438 2080 2489 Cassiodori
2104 2456 2146 2487 c.
2168 2440 2200 2487 6
2219 2455 2269 2504 p.
2290 2441 2434 2488 5582

427 2529 478 2569 et
507 2520 948 2573 Pseudo-Boethii
979 2539 1031 2589 p.
1065 2526 1195 2574 1229
1235 2524 1335 2574 hoc
1379 2524 1692 2573 testimonio:
1733 2522 1833 2574 Sed
1879 2521 2055 2572 Varro
2094 2524 2438 2589 peritissimus

424 2604 695 2654 latinorum
729 2605 889 2655 huius·
917 2609 1137 2662 nominis
1162 2623 1397 2658 caussam
1430 2610 1507 2657 sic
1545 2609 1806 2657 exstitisse
1841 2616 2214 2665 commemorat,
2264 2604 2438 2654 dicens

419 2688 571 2751 prius
601 2684 800 2754 quidem
832 2684 1173 2741 dimensiones
1201 2689 1449 2749 (homines
1481 2687 1599 2738 dim.
1633 2686 1776 2746 Cass.)
1812 2698 2064 2738 terrarum
2088 2690 2316 2738 terminis
2343 2702 2437 2753 po-

423 2769 562 2823 sitis,
595 2767 906 2835 vagantibus
927 2784 1018 2818 -ac
1063 2769 1479 2822 discordantibus
1524 2771 1729 2838 populis
1776 2773 1912 2839 (vag.
1945 2784 2067 2839 pop.
2103 2770 2252 2829 Cass.)
2292 2770 2437 2835 pacis

426 2847 574 2898 utilia
601 2853 940 2915 praestitisse.-
980 2850 1165 2902 deinde
1205 2853 1358 2905 totius
1400 2856 1523 2904 anni
1556 2853 1801 2903 circulum
1852 2854 2146 2905 menstruali
2183 2852 2441 2911 (mensuali
