2882 3343
1259 109 1657 172 —4'5—

454 265 549 312 tius
584 264 684 313 sive
718 261 847 309 libro
891 260 990 306 sive
1024 257 1161 308 libris
1205 257 1433 306 Varronis
1468 254 1652 304 debere
1686 254 1883 303 Solinus
1917 272 1975 302 eo
2011 257 2317 319 probabilius
2357 273 2465 305 cre-

390 404 393 406 ,
458 346 627 406 datur,
662 341 809 407 quod.
833 358 946 390 eum
982 342 1162 389 librum
1200 341 1323 389 alibi
1355 340 1461 404 ipse
1496 337 1933 400 commemoravit,
1984 354 2026 385 c.
2065 346 2148 387 11:
2199 341 2257 387 V
2253 358 2374 389 arro
2410 344 2464 389 in

457 445 619 493 opere,
648 424 788 494 quod
821 424 885 475 cle
916 422 1225 475 littoralibus
1254 434 1352 479 est,
1387 423 1535 471 etiam
1568 425 1675 471 suis
1708 419 2014 488 temporibus
2041 420 2265 490 affirmat
2297 425 2464 491 sepul-

458 528 597 559 erum
633 510 773 558 Iovis
808 508 881 558 ibi
912 511 1193 559 visitatum.
1263 506 1405 570 Quae
1441 522 1528 552 cur
1564 505 1612 551 in
1650 506 1939 553 littoralibus
1977 507 2141 554 locum
2175 506 2463 571 invenerint,

462 594 622 659 colligi
659 609 716 642 ex
753 594 811 640 iis
844 610 973 658 quae
1008 588 1315 657 praecedunt
1352 597 1533 654 potest:
1567 587 1700 636 albet
1732 587 1908 648 (Creta)
1946 574 2084 658 iugis
2113 594 2354 640 montium
2377 591 2467 639 Di-

461 681 699 745 ctynnaet‘
728 689 775 727 et
811 676 1031 731 Cadini,
1065 664 1156 742 q'ui
1190 676 1262 723 ita
1295 672 1672 722 excandescunt
1707 685 1762 721 ut
1801 676 1989 724 emInus
2032 678 2329 742 navigantes
2371 695 2472 724 ma-

462 764 545 828 gis
575 772 752 827 putent
784 757 969 809 nubila.
1000 769 1208 825 praeter
1242 769 1432 807 ceteros
1466 755 1564 806 Ida
1598 767 1685 815 est,
1720 759 1807 824 qui
1838 770 1957 806 ante
1986 757 2110 808 solis
2129 770 2293 808 ortum
2317 760 2470 810 solem

464 841 622 893 videt.
694 842 847 904 Quod
880 852 1046 891 autem
1080 843 1235 890 libros
1277 840 1344 890 de
1377 838 1710 901 littoralibus,
1742 839 1804 888 de
1847 857 1937 888 ora
1968 845 2250 904 maritima,
2291 843 2354 892 de
2387 861 2470 893 ae-

466 929 679 977 stuariis
711 927 988 974 Krahnerus
1024 942 1073 989 p.
1112 927 1199 987 18,
1232 940 1451 989 quocum
1488 923 1720 972 convenit
1751 923 1977 970 Merkelio
2013 926 2195 989 prolus.
2234 927 2286 974 in
2324 927 2467 975 Ovid.

463 1011 532 1058 lb.
568 1027 615 1073 p.
642 1010 782 1070 361,
826 1008 1041 1056 coniecit
1092 1007 1304 1071 singulas
1347 1015 1508 1071 partes
1563 1006 1707 1054 fuisse
1765 1006 1908 1053 unius
1960 1009 2121 1070 operis
2163 1010 2472 1071 varroniani,

465 1090 603 1156 quod
651 1108 753 1138 esse
788 1088 1152 1155 ephemeridem
1193 1089 1428 1149 navalem
1469 1087 1541 1138 ad
1584 1088 1875 1154 Pompeium
1922 1090 2098 1137 voluit:
2144 1090 2193 1137 id
2235 1092 2470 1140 credibile

467 1193 572 1223 non
609 1185 694 1222 est.
764 1176 862 1222 Nec
895 1175 1028 1221 enim
1065 1175 1162 1236 ina,
1198 1190 1325 1237 quae
1359 1183 1475 1220 sunt
1509 1172 1572 1220 de
1602 1172 1687 1219 Ida
1718 1173 1953 1234 Cretensi,
1983 1173 2248 1219 commode
2283 1177 2473 1239 perspi-

468 1259 593 1306 citur
628 1257 888 1324 quomodo
924 1256 988 1305 ad
1015 1257 1244 1321 Pompeii
1281 1251 1495 1303 ratio'nes
1525 1255 1852 1320 pertinuerint
1876 1257 1924 1302 in
1949 1257 2177 1319 Hispania
2203 1257 2471 1305 militaturi:

468 1352 523 1390 et·
544 1343 643 1390 hoc
673 1351 731 1389 ut
766 1340 1038 1389 concedam
1076 1340 1294 1404 potuisse
1329 1339 1454 1402 fieri,
1488 1347 1763 1404 repugnant
1798 1340 2019 1404 profecto
2059 1340 2133 1385 vel
2166 1348 2295 1386 certe
2330 1357 2472 1404 pror-

470 1441 549 1473 sus
579 1423 864 1474 dissuadent
903 1424 984 1471 illa
1025 1424 1130 1488 ipsa
1166 1422 1326 1470 Solini
1370 1423 1518 1470 verba
1561 1425 1613 1471 in
1652 1438 1842 1489 opere
1887 1422 2038 1491 quod*
2069 1422 2133 1470 de
2177 1424 2474 1473 litteralt'bus

468 1519 554 1558 est.
624 1506 735 1562 Sed)
758 1524 862 1555 non
896 1496 1116 1555 diversos
1151 1522 1254 1553 esse
1291 1504 1353 1553 de
1388 1505 1682 1554 littoralibus
1728 1514 1776 1553 et
1819 1505 1882 1553 de
1918 1521 2003 1553 ora
2046 1506 2291 1555 maritima
2323 1507 2474 1555 libros

471 1586 551 1647 (zze
581 1609 672 1640 ora
708 1609 829 1639 mar.
865 1588 1050 1640 librum
1084 1589 1120 1638 Ι
1149 1588 1289 1638 affert
1316 1588 1510 1637 Servius
1544 1588 1595 1636 in
1631 1579 1751 1637 Aen.
1793 1587 1830 1651 Ι,
1869 1593 1996 1650 111),
2032 1589 2084 1637 id
2119 1607 2235 1638 vero
2273 1608 2350 1638 res
2374 1591 2476 1655 ipsa

465 1674 636 1723 suadet
670 1685 724 1722 ut
758 1672 1031 1722 credamus.
1068 1698 1130 1709 —
1173 1673 1391 1721 Tertium
1436 1682 1596 1720 autem
1633 1673 1789 1720 Solini
1835 1674 2171 1720 testimonium
2217 1677 2477 1722 Varronia-

466 1776 585 1807 num
622 1759 711 1807 etsi
747 1766 911 1822 potest
946 1774 973 1804 e
1014 1757 1287 1822 geometria
1321 1755 1671 1822 depromptum
1710 1774 1839 1818 esse,
1889 1767 2055 1804 tamen
2092 1756 2317 1805 dubitare
2361 1759 2473 1806 licet

467 1859 586 1890 num
624 1842 693 1888 ibi
727 1851 829 1888 tam
864 1841 1187 1904 singularibus
1218 1841 1366 1887 rebus
1394 1839 1729 1887 memorandis
1763 1841 1929 1886 locum
1962 1842 2273 1902 concesserit,
2310 1844 2471 1905 qualia

466 1935 579 1973 sunt
623 1924 687 1972 de
728 1925 895 1974 ovium
945 1924 1206 1972 velleribus
1261 1923 1409 1972 fontis
1463 1924 1637 1972 haustu
1690 1924 1901 1971 mutatis.
1962 1923 2053 1970 .Ac
2100 1923 2300 1972 fortasse
2345 1925 2500 1973 haec,

466 2024 670 2073 quoque
706 2024 761 2055 ex
796 2008 1109 2057 Littoralibus
1143 2016 1349 2073 repetat,
1384 2008 1470 2072 qui
1506 2008 1691 2055 sontem
1728 2009 1871 2054 istum
1905 2008 1955 2053 in
1979 2007 2154 2070 ,liuore
2191 2008 2336 2053 maris
2364 2024 2467 2054 esse

415 2110 417 2113 ·
467 2092 564 2140 dici
612 2091 920 2157 reputaverit.
1000 2093 1180 2139 Verum
1228 2092 1513 2139 etiamalia
1554 2091 1679 2138 ratio
1724 2074 1776 2137 in
1819 2099 2054 2156 promptu
2105 2100 2176 2137 est
2191 2126 2206 2152 ,
2249 2090 2311 2137 de
2365 2108 2463 2156 qua

465 2177 632 2240 paullo
669 2176 954 2240 explicatius
990 2174 1273 2224 dicendum.
1345 2176 1621 2223 Afferuntur
1668 2176 1799 2222 enim
1847 2190 1957 2224 cum
1998 2191 2025 2222 a
2070 2175 2239 2223 Solino
2287 2184 2391 2222 tum
2438 2192 2465 2222 a

467 2257 627 2307 Plinio
664 2258 721 2305 iis
757 2258 910 2321 libris,
940 2257 1029 2324 qui
1064 2257 1214 2308 dicati
1248 2267 1364 2308 sunt
1398 2257 1762 2307 medicinae
1797 2257 2137 2324 explicandae,
2174 2273 2274 2306 non
2311 2273 2467 2323 pauca

466 2340 768 2390 Varroniana
803 2342 1057 2390 communi
1095 2341 1289 2391 vinculo
1325 2342 1424 2390 hoc
1454 2351 1678 2407 cognata,
1708 2341 1846 2406 quod
1882 2342 1933 2389 in
1969 2341 2179 2390 mirabili
2216 2341 2262 2389 vi
2298 2342 2470 2405 perni-

470 2425 703 2488 ciosaque
737 2426 1032 2490 plerumque
1068 2425 1283 2474 efficacia
1317 2427 1564 2487 locorum,
1610 2425 1818 2473 fontium
1858 2420 2174 2488 'potissimum
2220 2434 2269 2472 et
2314 2441 2473 2488 aqua-

469 2525 577 2555 rum
617 2517 885 2555 versantur.
954 2509 1021 2556 Ea
1057 2526 1169 2557 cum
1208 2527 1310 2557 non
1345 2526 1462 2558 sane
1494 2508 1796 2573 abhorreant
1828 2508 1889 2555 ab
1926 2508 2077 2572 ipsius
2113 2508 2320 2555 notione
2354 2526 2473 2556 usu·

471 2608 569 2655 que
604 2591 907 2653 medicinae,
940 2601 1108 2640 tamen
1151 2594 1245 2640 nisi
1292 2609 1401 2640 mea
1444 2608 1523 2639 me
1561 2592 1841 2639 coniectura
1884 2591 2027 2653 fallit,
2070 2591 2233 2655 posita
2279 2592 2474 2640 fuerunt
2532 2610 2536 2619 f

472 2675 639 2722 omnia
672 2674 721 2721 in
758 2690 818 2721 eo
852 2673 1136 2740 logistorico
1165 2675 1268 2741 qui
1304 2675 1585 2723 inscribitur
1637 2673 1831 2724 Gallus'
1864 2672 2165 2723 Fundanius
2207 2674 2272 2724 de
2318 2675 2475 2723 admi-

471 2758 675 2816 randis,
712 2756 979 2806 Aristotelis
1020 2758 1248 2823 exemplo
1285 2767 1664 2821 ceterorumque
1705 2753 2193 2825 παραδοξογράφων,
2239 2760 2323 2823 qui
2366 2758 2475 2821 περὶ

470 2842 747 2902 θαυμάτων
783 2842 857 2890 vel
888 2840 1195 2904 θαυμασίων
1228 2842 1304 2890 vel
1338 2838 1744 2904 θαυμαζομένων.
1795 2841 1949 2890 Huius
1976 2843 2109 2891 enim
2136 2849 2476 2907 argumentum
