2882 3343
1246 159 1602 216 ...9-

426 305 917 401 &sufficis
866 306 920 368 (i.
956 322 1000 354 e.
1022 302 1326 374 qqtdratis
1318 300 1425 364 de
1423 309 1578 361 certa
1605 297 1873 365 loquendi
1883 268 2282 359 οριιβιιᾳιιιᾷἰιιε
2306 296 2434 360 illius

431 389 646 456 Μ
644 380 946 446 exaratum
943 386 1131 442 nobis
1130 383 1521 440 oommtmicmic
1551 386 1641 434 vir
1670 381 1851 435 doctus
1879 383 2165 451 satumque
2200 383 2431 433 humani·

425 466 858 546 ιιιέε-Ξῖῥνᾰεᾶἰιω
874 474 1116 526 Ioannes
1123 468 1408 532 Aram-ius,
1439 467 1529 519 sed
1571 470 1669 517 ita
1684 467 1919 519 mutilum
1951 478 2000 517 ec
2028 474 2430 536 corruptum
2374 459 2429 516 ιἰι

428 560 561 612 nim!
573 597 588 631 2
631 554 1399 631 sangn-ssgnssgnmustmnffiineersit
1442 563 1530 601 auc
1572 554 1770 600 omnino
1799 550 2019 617 periisse'
2049 561 2140 600 aue
2180 552 2257 598 'ita
2303 550 2429 599 lace-

430 660 542 695 rum
568 659 578 663 '·
591 626 916 711 superfuisse:
946 639 1050 691 -εἰὰὲ
1070 648 1235 688 antem
1288 633 1582 685 inscribitur
1595 653 1608 679 .·
1660 651 1718 682 ιι.
1770 639 2021 682 nAmioms
2068 642 2312 682 ιιιιειινς
2359 650 2423 679 m:

431 743 749 777 omnm-MA-
779 741 855 774 An
901 734 1104 774 nVrmt
1144 730 1391 770 sarmit.
1434 729 1537 766 tum
1581 719 1828 784 sequitur:
1883 753 1895 764 .
1939 724 2008 765 ξ’.
2055 717 2278 780 sequitur
2326 717 2423 762 ini-

433 812 559 860 tium
605 821 709 860 non
764 809 936 857 leviter
984 803 1269 870 discrepans
1314 818 1342 849 a
1385 800 1631 849 Goesia'no
1685 800 1920 865 exemplo.
2008 800 2212 849 Summa
2259 809 2424 848 autem

428 895 679 961 diligentia
721 893 905 942 neutro·
939 892 1052 937 loco
1090 885 1338 935 Arceriani
1383 884 1569 961 codicis
1613 885 1979 948 inscriptionem
2024 881 2246 933 exliiberi
2299 902 2430 933 nunc

426 979 764 1050 *intellectum
785 983 859 1022 est
908 974 955 1020 F.
999 970 1179 1019 Blumii
1222 968 1376 1017 nostri
1417 969 1470 1016 in
1502 969 1620 1017 Mus.
1653 968 1807 1016 Rhen.
1857 968 1947 1015 iur.
1992 968 2102 1032 Vll,
2126 985 2176 1034 p.
2225 971 2315 1018 191
2354 987 2428 1036 sq.

435 1047 749 1137 narratione,
783 1058 872 1123 qui
907 1057 1039 1104 hunc
1063 1052 1289 1102 indicem
1324 1060 1548 1100 testatur·
1591 1051 1776 1118 Incipit
1819 1049 1947 1101 Ιίὑει·
1986 1051 2154 1100 Marci
2187 1054 2434 1104 Bari-onis

436 1143 500 1192 cle
530 1134 807 1209 geometria
845 1135 919 1189 'ad
962 1141 1137 1199 rufum
1164 1132 1408 1227 feliciter.
1440 1133 1655 1187 silbium.
1737 1134 1955 1197 Apparet
1999 1135 2144 1197 igitur
2192 1137 2279 1183 soli
2332 1139 2432 1184 sive

434 1226 653 1289 Popmae
698 1223 800 1271 sive
845 1221 964 1270 alius
1011 1219 1321 1269 coniecturae
1365 1216 1513 1280 eique
1559 1216 1673 1264 satis
1719 1217 1933 1264 incertae
1974 1215 2145 1264 deberi
2191 1219 2248 1265 M
2283 1217 2429 1283 Caelii

432 1307 539 1356 Rufi
564 1323 784 1384 nomen,
806 1302 1059 1354 clarissimi
1092 1301 1200 1367 viri,
1232 1299 1300 1366 ¹de
1334 1300 1471 1348 cuius
1501 1300 1654 1360 rebus
1686 1308 1881 1363 praeter
1914 1300 2034 1347 alios
2039 1300 2274 1367 Meyerus
2294 1302 2425 1350 Orat

433 1373 574 1439 Rom.
597 1375 776 1453 fragm.
800 1370 855 1452 p.
874 1365 975 1436 458
996 1402 1106 1451 sqq.
1144 1383 1222 1433 ed.
1244 1400 1355 1432 nov.
1388 1379 1437 1431 et
1471 1382 1681 1431 Orellius
1714 1383 1899 1431 Onom.
1921 1383 2040 1431 Tull.
2066 1384 2184 1448 l{,p.
2209 1388 2300 1433 113
2317 1402 2427 1449 sqq

435 1479 776 1539 exposuerunt.
844 1470 903 1520 Vt
930 1467 993 1519 ad
1028 1484 1158 1518 eum
1174 1465 1348 1517 Rufum
1383 1483 1554 1532 pamm
1591 1475 1731 1516 caute
1756 1466 1973 1531 Meyer-us
2009 1486 2213 1533 quoque
2250 1469 2300 1517 in
2332 1468 2428 1517 Cic.

437 1558 565 1607 Brut.
605 1556 687 1619 79,
723 1557 820 1604 273
856 1563 904 1604 et
935 1550 1204 1604 Ellendtius
1249 1551 1360 1602 hist.
1396 1551 1555 1616 eloqu.
1591 1568 1639 1616 p.
1682 1555 1774 1601 127
1813 1550 1890 1600 ed.
1929 1569 2039 1603 nov.
2074 1552 2429 1602 Varronianum

437 1641 614 1689 librum
651 1638 927 1688 rettulerint
964 1637 1069 1686 sine
1102 1636 1200 1685 ulla
1242 1634 1560 1684 dubitationis
1605 1635 1985 1701 significatione,
2027 1647 2222 1684 corruat
2269 1647 2431 1685 autem

439 1725 583 1772 etiam
609 1733 889 1788 temporum
924 1721 1227 1786 computatio
1260 1719 1564 1782 Schneideri,
1599 1735 1749 1784 quam
1782 1720 1860 1769 his
1887 1721 2260 1785 Disciplinarum
2296 1722 2433 1770 libris

440 1807 680 1857 adhibuit.
749 1804 951 1856 Silvium
984 1820 1100 1853 sane
1135 1804 1409 1853 Romanum
1446 1803 1700 1865 hominem
1734 1804 1959 1851 novimus
1995 1804 2199 1866 nullum,
2235 1823 2260 1851 e
2295 1804 2435 1854 Silii,-

441 1899 604 1940 autem
641 1889 827 1938 nullum
864 1887 1055 1939 Rufum.
1127 1885 1306 1936 Contra
1350 1887 1399 1936 P.
1435 1886 1697 1937 Suillius
1744 1886 1898 1952 (quod
1946 1902 2129 1935 nomen
2178 1905 2275 1935 non
2325 1906 2433 1936 raro

441 1974 495 2022 in
530 1971 677 2022 codd.
726 1972 954 2025 scribitur
987 1969 1203 2030 Sumus)
1252 1970 1436 2019 Rufus
1484 1979 1676 2035 praesto
1728 1979 1799 2018 est
1827 1971 2014 2018 ·consul
2051 1987 2093 2017 a.
2131 1987 2178 2017 u.
2217 1972 2335 2033 797,
2371 1971 2433 2018 de

446 2073 547 2120 quo
584 2055 767 2103 Plinius
809 2055 862 2104 N.
903 2055 957 2103 H.
998 2049 1103 2116 vll.
1137 2070 1177 2107 c.
1213 2050 1247 2100 4
1294 2063 1342 2100 et
1372 2054 1560 2101 Tacitus
1595 2056 1719 2100 Anu.
1771 2055 1853 2100 lib.
1888 2054 1964 2099 xl.
1998 2054 2079 2099 Xll
2129 2054 2255 2100 Xlll:
2296 2055 2432 2101 cuius

445 2138 620 2203 quidni
675 2154 790 2184 avus
845 2139 1008 2203 potuit
1062 2139 1275 2203 aequalis
1334 2154 1436 2184 esse
1487 2139 1745 2185 Varronis?
1830 2137 2128 2204 Quanquam
2182 2139 2264 2185 tali
2319 2139 2434 2203 qui-

443 2221 558 2269 dem
599 2222 924 2269 coniecturae·
952 2236 1053 2267 non
1095 2220 1335 2268 habemus
1380 2221 1465 2286 qui
1507 2220 1742 2268 maiorem
1787 2221 2184 2285 probabilitatem
2236 2220 2434 2270 aliunde

443 2304 775 2352 conciliemus.
860 2302 943 2350 llle
985 2311 1151 2351 tamen
1195 2302 1342 2351 Rufus
1387 2304 1668 2368 quicunque
1713 2303 1827 2367 fuit,
1871 2304 1995 2352 huic
2036 2303 2323 2369 inscriptum
2371 2302 2466 2361 de?

442 2387 710 2466 geometria
757 2387 937 2434 librum
971 2387 1200 2435 Varronis
1236 2387 1381 2448 etiam
1427 2387 1477 2435 in
1518 2403 1568 2434 re
1611 2388 1879 2452 gromatica
1919 2397 2180 2437 versatum.
2194 2404 2298 2439 esse
2335 2405 2468 2436 ιιοιι

446 2469 609 2518 minus
642 2477 830 2517 certum
870 2474 957 2531 est,
970 2485 1141 2539 quam
1179 2486 1280 2516 non
1316 2486 1418 2516 esse
1451 2471 1679 2516 Varronis
1713 2487 1841 2535 quae
1875 2472 1919 2517 ei
1954 2472 2237 2518 tribuuntur
2271 2473 2324 2519 in
2359 2468 2473 2520 illa

2460 2508 2473 2559 f

448 2552 833 2618 agrimensorum
868 2552 1109 2618 congerie.
1178 2552 1333 2601 lmmo
1370 2569 1481 2602 casu
1519 2553 1844 2617 intercidisse,
1883 2569 2009 2619 quae
2045 2570 2072 2603 e
2104 2556 2324 2604 Varrone
2360 2572 2443 2603 ex·
2487 2579 2494 2590 ι

448 2645 612 2702 cerpta
647 2630 820 2698 essent,
854 2651 1053 2700 prorsus
1087 2635 1322 2685 credibile
1356 2646 1443 2700 est,
1480 2637 1694 2686 relictam
1729 2646 1890 2686 autem
1919 2636 2292 2702 inscriptionem
2329 2656 2439 2687 cum

449 2719 617 2766 alienis
650 2718 897 2766 coaluisse.
968 2717 1125 2783 quue
1159 2735 1271 2767 cum
1308 2717 1459 2785 ipsius
1493 2720 1737 2768 Arceriani
1775 2719 1961 2769 codicis
1996 2716 2211 2769 rationes
2245 2736 2443 2786 persua-

449 2799 595 2864 dent,
626 2803 677 2851 in
713 2819 813 2868 quo
850 2802 1101 2867 inscriptio
1135 2803 1216 2851 illa
1260 2803 1488 2853 ultimum
1524 2803 1686 2851 locum
1736 2803 1911 2869 integri
1961 2804 2298 2869 quaternionis
2341 2802 2441 2862 (XI)

448 2891 611 2945 tenet,
642 2884 710 2934 de
756 2888 886 2935 casIs
928 2894 1089 2934 autem
1135 2885 1370 2950 expositio
1424 2887 1477 2935 in
1524 2902 1718 2935 summo
1769 2888 2096 2951 quaternione
2130 2887 2211 2934 Xll
2258 2887 2449 2950 incipit,

2050 2973 2076 3001 s)

2049 3004 2078 3018 θ

2532 2414 2578 2426 Ν.
