2882 3343
1264 146 1622 200 ...T-..-

451 285 744 350 perspipitur
779 283 916 331 illum
962 291 1222 348 tanquam.
1245 282 1544 348 quibusdam
1578 284 1890 335 lineamentis
1939 301 2048 334 eam
2081 297 2237 338 artem
2283 287 2463 337 adum-

450 355 841 431 bme‘sesquam
875 367 1080 415 uberius
1111 382 1238 431 eum-
1260 366 1325 415 in·
1357 380 1470 415 xxiv
1512 366 1598 421 de,
1618 367 1799 435 lingua
1846 368 2006 417 latina
2040 369 2203 433 libris,
2246 381 2353 420 tum
2390 373 2462 420 eis

453 450 592 503 libri·
609 457 908 517 -perseautus
942 459 1014 499 est
1046 466 1179 517 quos
1215 448 1284 502 de
1315 449 1493 515 lingua
1523 450 1680 500 latina
1708 451 1785 500 vel
1819 452 1986 517 potius
2025 451 2091 501 de
2123 469 2347 504 sermone
2380 455 2460 505 la-

450 536 556 582 tino
582 532 656 583 ad
689 533 982 584 Marcellum
1019 534 1224 597 scripsit.
1291 533 1391 582 Nec
1425 531 1604 581 desunt
1628 536 1961 591 Varronianae
1997 535 2253 584 doctrinae
2298 548 2457 587 certae

449 614 582 680 apud
616 617 914 681 posteriores
949 615 1318 680 disciplinarum
1355 616 1617 679 scriptores
1651 625 1810 664 notae.
1860 617 2075 666 Isidorus
2110 614 2244 665 enim
2280 618 2316 681 Ι,
2353 636 2394 667 c.
2427 624 2455 668 3

443 699 728 765 primordia
770 701 839 747 ait
880 703 1238 766 grammaticae
1279 701 1409 747 artis
1459 699 1658 748 litterae
1712 716 1991 750 communes
2035 705 2290 760 existunt,
2333 720 2459 770 quas

445 781 648 831 librarii
681 794 731 832 et
763 784 1092 831 calculatores
1124 791 1412 850 sequuntur.
1456 798 1666 847 quarum
1711 783 1981 848 disciplina
2025 785 2166 831 velut
2211 784 2457 851 quaedam

444 869 804 930 grammaticae
836 869 965 918 artis
999 864 1219 929 infantia
1252 875 1340 919 est,
1378 863 1509 912 unde
1542 875 1590 912 et
1623 880 1728 912 eam
1762 866 1936 929 Varro
1971 867 2330 933 litterationem
2345 884 2456 932 uvo-

445 959 538 998 cat.
606 948 842 1012 Quocum
879 945 1165 994 conferendi
1196 947 1489 1012 Augustinus
1507 947 1569 994 de
1594 945 1701 994 ord.
1724 938 1885 1010 11335:
1922 961 2038 998 nata
2070 961 2145 998 est
2181 949 2269 997 illa
2295 949 2454 998 libra-

444 1032 637 1080 riorum
667 1040 715 1081 ει
747 1029 1057 1079 calculonum
1087 1029 1344 1095 professio
1372 1029 1514 1079 velut
1547 1029 1791 1099 quaedam
1827 1035 2202 1105 grammaticae„
2218 1031 2453 1093 ιἠζαηῑὶα,

441 1130 589 1181 quam
629 1112 805 1162 Varro
840 1114 1190 1163 litterationem
1226 1124 1401 1162 vocat:
1450 1129 1634 1179 graece
1674 1123 1837 1162 aulem
1872 1112 2122 1181 quomodo
2164 1115 2453 1180 appelletur,

442 1213 543 1245 non
583 1199 709 1246 satis
741 1199 794 1245 in
822 1198 1110 1262 praesentia
1144 1196 1333 1255 recolo‚·
1371 1196 1643 1244 Marcianus
1677 1196 1752 1259 ΙΙΙ,
1780 1213 1827 1260 ρ.
1856 1199 1939 1258 50,
1968 1197 2055 1244 ubi
2093 1198 2237 1244 verba
2271 1197 2452 1246 faciens

445 1280 772 1341 Grammatica
806 1270 926 1329 hinc
958 1280 1121 1345 inquit
1165 1280 1293 1329 mihi
1329 1277 1574 1329 Romulus
1607 1280 1922 1329 litteraturae
1956 1296 2132 1329 nomen
2166 1280 2451 1346 adscripsit,

441 1366 675 1432 quamvis
719 1363 961 1429 infantem
1007 1381 1084 1411 me
1125 1364 1476 1430 litterqgiquffln
1518 1363 1741 1412 voluerit
1787 1380 2101 1428 nuncupare,
2145 1366 2275 1412 sicut
2317 1363 2455 1429 apud

445 1447 732 1508 Graecosy
705 1447 1108 1512 γραμματιστική
1138 1450 1376 1512 primitus
1402 1445 1705 1506 vocitabat]
1750 1448 1904 1510 Asper
1938 1446 2158 1495 Putschii
2202 1451 2449 1510 p.1725:

438 1543 585 1597 quam
624 1530 1024 1594 (grammaticam)
1066 1530 1326 1580 Terentius
1359 1533 1505 1579 etiam
1530 1529 1706 1578 Varro
1737 1533 1956 1595 primum
1991 1541 2044 1578 ut
2074 1530 2245 1578 adhuc
2280 1530 2453 1578 rudem

439 1611 738 1677 appellatam
774 1628 882 1660 esse
915 1611 1043 1660 dicit
1087 1612 1418 1661 litteraturam
1429 1634 1445 1671 ,-
1490 1612 1669 1659 Marius
1703 1612 1982 1659 Victorinus
2033 1612 2187 1659 eiusd.
2235 1630 2284 1675 p.
2317 1610 2447 1660 2451

444 1694 608 1753 (Gaisf.
644 1695 781 1742 Metr.
818 1712 866 1758 p
905 1696 979 1753 2):
1016 1706 1071 1744 ut
1108 1695 1342 1744 Varroni
1368 1695 1544 1761 placet,
1581 1712 1670 1744 ars
1671 1698 2050 1765 grammatica,
2085 1712 2213 1763 quae
2239 1713 2270 1743 a
2306 1693 2453 1744 nobis

436 1778 724 1826 litteratura
757 1777 961 1835 dicitur,
992 1781 1206 1828 scientia
1243 1790 1318 1828 est
1347 1795 1515 1828 eorum
1549 1795 1679 1846 quae
1709 1796 1742 1826 a
1735 1780 1973 1853 poetis,
1989 1779 2246 1849 historicis
2281 1789 2452 1852 orato-
2491 1785 2504 1803 ”

439 1843 676 1931 ribusqwe
706 1860 944 1910 dicuntur
976 1879 1046 1910 ex
1074 1873 1222 1928 parte
1255 1864 1456 1910 maiore.
1503 1864 1610 1910 eius
1639 1865 1917 1927 praecipua
1949 1860 2126 1928 officia
2159 1873 2276 1909 sunt
2308 1845 2451 1927 quat-

467 1924 578 1937 ’,μμ
673 1918 863 1930 ww

439 1954 576 2019 tuor,
614 1955 668 1993 ut
703 1947 804 2010 ipsi
842 1945 1038 2011 placet,
1073 1944 1319 2008 scribere,
1353 1945 1539 2017 legere,
1555 1944 1882 2021 intelligere
1912 1942 2144 2018 prospare
2167 1943 2210 2002 ⁴²)
2289 1944 2447 2007 Atque

437 2013 561 2073 haec
597 2029 765 2075 omnia
802 2029 891 2075 etsi
932 2038 1102 2092 suapte
1138 2038 1310 2076 natura
1343 2029 1458 2075 talia
1506 2036 1645 2089 sunt,
1693 2028 1855 2090 qualia
1901 2028 2156 2090 potuerint
2202 2027 2346 2073 etiam
2397 2027 2447 2073 in

391 2172 395 2178 ἱ
438 2110 680 2156 alterutris
716 2108 781 2159 de
822 2110 999 2178 lingua
1034 2112 1194 2160 latina
1235 2112 1372 2159 libris
1412 2110 1635 2173 tractari,
1674 2120 1843 2157 tamen
1897 2110 2058 2157 omnis
2106 2108 2167 2156 de
2215 2109 2445 2172 singulari

438 2193 796 2238 commentario
842 2193 1085 2240 dubitatio
1122 2195 1409 2258 planissimo
1444 2194 1729 2240 testimonio
1765 2202 2070 2253 removetur,
2108 2191 2246 2255 quod
2290 2208 2316 2237 e
2350 2191 2442 2237 Gn.

438 2273 659 2322 Cornuto
682 2272 1001 2324 Cassiodorus
1037 2278 1276 2342 excerpsit
1290 2293 1397 2343 cap.
1422 2283 1444 2324 1
1485 2277 1545 2324 de
1570 2277 1923 2342 orthographia
1957 2293 2004 2341 p.
2028 2276 2123 2322 576
2144 2277 2174 2320 b
2211 2279 2272 2338 (p.
2294 2275 2446 2336 2286,

437 2361 467 2406 3
506 2360 602 2415 P.):
636 2358 907 2409 Praeterea
944 2363 1005 2409 in
1039 2360 1211 2409 libro
1247 2378 1419 2427 quem
1464 2361 1536 2410 de
1579 2363 1995 2428 grammatica
2034 2359 2246 2405 Varro
2282 2360 2449 2406 scri·

436 2443 600 2506 psit,
635 2457 745 2490 cum
780 2440 844 2492 de
877 2442 1062 2493 litteris
1091 2442 1387 2514 dis-VERE&
1415 2446 1528 2514 item
1564 2443 1728 2508 [vulgo
1766 2445 1857 2498 ita]
1885 2444 1920 2491 h
1951 2444 2080 2513 inter
2112 2441 2310 2490 litteras
2343 2456 2445 2488 non

522 2634 570 2685 *J
601 2633 644 2674 ln
676 2633 756 2674 alio
785 2633 908 2688 igitur
939 2634 1042 2676 libro
1072 2635 1175 2677 haec
1205 2636 1337 2689 posita
1365 2635 1439 2676 suit
1478 2633 1658 2674 eiusdem
1686 2633 1882 2674 Varronis
1918 2634 2084 2687 partitio
2117 2634 2169 2673 ad
2200 2633 2447 2674 Graecorum

609 2705 832 2760 exemplum
872 2708 1158 2760 magistrorum
1206 2706 1481 2749 conformata:
1520 2705 1782 2746 Grammatici
1820 2705 1982 2759 officia,
2026 2710 2071 2745 ut
2111 2705 2264 2746 asserit
2306 2704 2447 2754 Varro,
2488 2730 2504 2768 ⁸.

608 2783 798 2820 constant
830 2778 874 2818 in
907 2777 1099 2831 partibus
1127 2785 1343 2833 quattuor,
1384 2779 1552 2821 lectione
1565 2809 1578 2831 ,
1620 2778 1889 2821 enarratione
1904 2811 1917 2832 ‚
1956 2778 2239 2820 emendatione
2252 2810 2263 2831 ‚
2306 2778 2453 2819 iudicio

610 2851 796 2895 Testatur
828 2853 1046 2894 Diomedes
1079 2852 1126 2905 ΙΙ,
1153 2865 1191 2907 p.
1223 2854 1321 2895 421.
