2882 3343
1217 199 1606 253 -46-

390 336 658 402 logistoriei
695 335 760 385 ad
794 346 1061 405 utramque
1098 356 1244 405 quam
1289 337 1389 387 dixi
1437 347 1627 404 partem
1662 340 1981 406 pertinuisse,
2019 340 2294 391 coniunctis
2328 342 2410 390 in-

390 429 465 466 ter
499 437 551 467 se
584 418 785 469 duobus
829 421 963 487 apud
998 423 1209 470 Nonium
1246 438 1294 485 p.
1330 423 1429 469 216
1462 430 1511 469 et
1546 424 1610 469 71*
1656 423 1895 487 exemplis
1934 426 2216 489 planissime
2251 424 2408 474 efficia

388 512 493 551 tur:
528 505 756 555 secundo
788 506 856 555 de
886 507 1081 555 stativis
1112 508 1287 572 aquis,
1328 516 1388 567 ut.
1405 517 1553 555 »σωκη
1583 505 1725 555 lacus
1742 512 1813 555 ‘et
1856 519 2045 577 stagna
2087 523 2137 561 et
2175 515 2329 578 :putei
2360 522 2410 559 et

389 593 582 640 maria.-
620 614 674 624 -—
719 593 911 646 vinum,
944 587 1083 656 quod
1114 588 1183 637 ibi
1216 600 1396 638 natum-
1423 593 1492 639 sit
1526 594 1579 638 in
1613 581 1832 659 quddam
1866 591 1978 641 Ioco
1991 628 2007 654 ,
2041 597 2091 641 si
2120 611 2413 662 praegnans

391 672 601 742 biberit,
620 674 750 739 fieri
780 683 836 721 ut
867 670 1144 722 aboriatur.
1217 670 1338 720 Cum
1378 673 1456 721 his
1491 674 1642 739 igitur
1672 674 1796 723 haec
1830 688 2081 740 compone
2110 682 2210 725 [am
2247 678 2413 726 hercle

391 756 600 804 finitima
635 765 689 803 ut
724 756 849 802 nihil
879 772 1042 820 supra.
1115 757 1260 804 Plinii
1297 755 1462 818 XXXI,
1489 760 1538 819 2,
1560 762 1650 806 15:
1686 758 1749 806 In
1784 756 2139 825 Ciliciaapud
2171 761 2410 826 oppidum

395 840 597 889 Cescum
633 842 770 889 rivus
785 838 915 904 fluit
944 839 1077 898 Nus,
1115 856 1185 888 ex
1211 857 1311 907 quo
1347 838 1622 889 bibentium
1654 838 1949 890 subtiliores
1981 854 2159 891 sensus
2175 841 2305 907 fieri
2338 842 2409 890 M.

396 923 574 971 Varro
609 923 796 982 tradit,·
831 933 887 971 at
922 925 975 971 in
1015 921 1116 971 Ceo
1163 923 1328 972 insula
1344 927 1547 984 fontem
1594 940 1703 973 esse
1741 939 1843 993 quo
1878 921 2076 973 hebetes
2104 924 2268 990 fiant,
2313 924 2410 972 Za-

392 1024 500 1056 mae
537 1010 589 1054 in
623 1004 819 1073 Africa
852 1023 953 1076 quo
989 1022 1206 1056 canorae
1238 1022 1406 1057 voces.
1448 1033 1506 1040 —
1545 1006 1670 1055 lbid.
1707 1011 1748 1061 §.
1784 1011 1872 1056 21:
1912 1006 2114 1057 Caelius
2141 1008 2279 1074 apud
2317 1024 2407 1057 nos

393 1096 444 1139 in
477 1092 695 1140 Averno
731 1094 806 1140 ait
835 1094 986 1141 etiam
1008 1092 1151 1153 folia
1185 1090 1475 1155 subsidere,
1515 1091 1693 1140 Varro
1729 1108 1845 1141 aves
1884 1108 2014 1157 quae
2056 1091 2410 1142 advolaverint

388 1178 560 1224 emori.
602 1201 665 1210 --
701 1174 828 1222 Ibid.
867 1179 907 1229 §.
936 1179 1021 1222 27:
1061 1176 1238 1223 Varro
1267 1173 1339 1222 ad
1370 1174 1612 1224 Soracten
1645 1178 1699 1222 in
1722 1181 1906 1237 sonte,—
1928 1178 2073 1225 cuius
2100 1180 2169 1225 sit
2195 1177 2411 1226 latitudo

390 1270 630 1327 quattuor
658 1258 843 1324 pedum
855 1280 874 1317 ;
908 1258 1013 1307 sole
1034 1261 1298 1312 exoriente
1330 1276 1441 1308 eum
1472 1257 1738 1307 exundare
1758 1262 1998 1318 ferventi
2024 1259 2234 1309 similem
2247 1282 2263 1319 ,-
2298 1277 2412 1309 aves

390 1358 522 1409 quae
554 1340 942 1407 degustaverint
980 1343 1129 1392 iaz-m
1162 1353 1388 1391 mortuas
1423 1345 1600 1391 iacere.
1627 1368 1692 1377 -
1730 1340 1847 1403 Quo
1884 1342 2051 1390 nescio
2087 1358 2150 1390 an
2182 1343 2410 1392 addenda

392 1425 515 1487 sint.5
544 1440 675 1489 quae
709 1425 884 1489 utique
920 1433 1189 1490 potuerunt
1221 1425 1267 1471 in
1308 1425 1411 1489 ipsa
1448 1424 1696 1472 medicina
1728 1426 2012 1487 memorari,
2046 1442 2101 1472 ex
2134 1429 2173 1480 §.
2196 1425 2226 1472 9
2263 1425 2409 1473 haec:

391 1509 532 1556 Idem
569 1512 646 1567 (ut
680 1509 935 1556 calculosis
968 1525 1096 1573 aqua
1136 1508 1410 1566 medeatur)
1445 1511 1692 1574 contingit
1729 1511 1782 1556 in
1806 1508 1881 1576 *V
1878 1509 2008 1556 elit-10
2044 1508 2157 1556 lacu
2187 1512 2411 1574 potanti-

395 1591 508 1651 bus3
550 1594 665 1641 item
697 1595 748 1639 in
781 1590 962 1657 Syriae
982 1595 1137 1652 sonte
1174 1594 1323 1641 iuxta
1368 1590 1589 1641 Taurum
1633 1601 1843 1640 montem
1878 1596 1973 1649 [ut]
2015 1603 2194 1640 auctor
2227 1603 2301 1641 est
2334 1592 2408 1639 M.

393 1675 590 1723 Varro.
660 1674 757 1723 Sed
790 1674 1107 1723 confidenter
1140 1675 1269 1723 adde
1307 1692 1364 1723 ex
1400 1676 1574 1738 Solini,
1610 1674 1673 1723 ad
1710 1692 1858 1741 quem
1896 1675 1991 1723 iam
2022 1675 2279 1722 revertitur
2309 1674 2411 1722 dis·

391 1760 600 1823 putatio,
639 1774 743 1823 cap.
784 1762 810 1805 7
849 1759 993 1806 haec:
1048 1758 1224 1808 Varro
1253 1758 1489 1826 perhibet
1525 1760 1723 1825 sontem
1768 1761 1819 1806 in
1858 1758 2093 1808 Arcadia
2126 1774 2233 1807 esse
2267 1760 2411 1806 cuius

392 1845 646 1891 interimat
684 1842 920 1891 haustus.-
954 1851 1003 1889 et
1039 1842 1260 1889 inferius:
1309 1840 1488 1890 Varro
1526 1844 1763 1909 opinatur
1804 1841 1907 1891 duo
1955 1845 2007 1890 in
2052 1842 2261 1891 Boeotia
2304 1857 2412 1892 esse

374 1927 601 1991 flumina
636 1926 716 1985 (cf.
750 1927 875 1975 Plin.
911 1926 968 1988 ΙΙ,
995 1930 1109 1988 103,
1136 1929 1252 1985 930)
1294 1937 1480 1976 natura
1514 1927 1629 1976 licet
1659 1925 1872 1993 dispari,
1905 1925 2411 1975 miraculo‘tamen

389 2024 494 2058 non
524 2008 871 2075 discrepante,
907 2024 1118 2081 quorum
1141 2009 1365 2079 Egeram
1408 2011 1457 2060 si
1490 2008 1706 2081 ⁴oyillum
1749 2023 1905 2076 pecus
1947 2006 2407 2079 deQQ-pggunt

373 2092 504 2156 fieri
548 2091 764 2142 colorem
811 2109 955 2160 quem
1002 2091 1233 2142 habuerit
1268 2091 1481 2149 [coloris
1524 2071 2129 2159 qumlgo]
2144 2127 2159 2154 ,
2202 2091 2412 2143 alterius

388 2176 599 2236 haustu,
630 2191 956 2244 quaecunque
989 2176 1230 2224 vellerum
1261 2181 1427 2235 fusca
1460 2186 1602 2240 sunt,
1624 2194 1628 2196 “
1651 2178 1701 2222 ἰη
1747 2173 2017 2223 candidum
2064 2177 2211 2222 verti.
2263 2172 2412 2221 addit

391 2258 562 2306 videri
596 2257 670 2306 ibi
713 2270 916 2324 puteum
953 2260 1290 2325 pestilentem,
1339 2262 1485 2307 cuius
1531 2260 1700 2328 liquor
1746 2275 1880 2307 mors
1927 2269 2000 2305 est
2049 2256 2409 2305 haurientibus.

386 2343 477 2388 Vbi
515 2340 579 2387 ad
614 2342 797 2389 librum
830 2341 894 2389 de
928 2342 1232 2390 admirandis
1269 2344 1368 2401 (vel
1398 2342 1462 2389 de
1501 2343 1649 2395 miris)
1685 2359 1787 2388 non
1824 2341 2054 2404 ambigue
2086 2341 2244 2404 ipsum
2271 2339 2411 2408 vide-

392 2433 470 2471 tur
506 2425 802 2473 miraculum
848 2426 1142 2473 vocabulum
1186 2435 1423 2490 spectare.
1466 2451 1529 2458 —
1579 2425 1804 2472 Ceterum
1853 2440 1962 2471 cum
2014 2425 2062 2469 in
2101 2422 2412 2470 Admirandis

388 2516 581 2570 praeter
615 2524 769 2573 aquas
803 2509 953 2556 etiam
990 2509 1255 2556 bestiarum
1299 2509 1496 2556 mentio
1532 2508 1654 2555 facta
1688 2509 1762 2563 sit,
1796 2515 1852 2554 ut
1886 2505 2092 2572 glirium
2128 2504 2261 2570 apud
2283 2503 2413 2551 Cha-

392 2590 560 2637 risium
596 2607 641 2654 p.
678 2592 760 2639 69.
803 2592 923 2653 106,
953 2591 1215 2656 perdicum
1252 2591 1388 2656 apud
1423 2591 1646 2640 Nonium
1683 2607 1729 2654 p.
1768 2592 1893 2651 218,
1927 2604 2275 2637 muraenarum
2312 2588 2412 2634 Ma-

394 2673 552 2721 crobii
589 2673 779 2723 Satur-n.
815 2674 883 2737 ll,
924 2680 1007 2723 11:
1060 2673 1281 2723 indidem
1331 2674 1522 2724 Plinius
1573 2672 1725 2722 videri
1774 2679 1938 2737 potest
1981 2671 2105 2721 haec
2150 2670 2413 2735 sumpsisse

386 2754 626 2832 ‘Quum’
665 2753 781 2805 104:
814 2757 881 2807 M.
924 2757 1105 2808 Varro
1132 2770 1313 2808 auctor
1356 2753 1438 2809 ess
1463 2775 1496 2807 a
1535 2756 1781 2807 cuniculis
1814 2754 2092 2825 suffossum
2136 2757 2188 2804 in
2228 2753 2413 2819 Hispa-

385 2843 473 2888 nia
508 2838 767 2906 oppidum,
801 2858 833 2888 a
867 2842 1016 2906 talpis
1051 2845 1105 2891 in
1148 2842 1430 2905 Thessalia,
1467 2842 1532 2891 ab
1568 2843 1709 2890 ranis
1742 2842 1999 2890 civitatem
2025 2842 2077 2887 in
2104 2836 2278 2886 Gallia
2301 2837 2411 2902 pul-

382 2941 522 2986 sam,
556 2923 625 2973 ab
657 2924 868 2973 locustis
915 2927 966 2971 in
1009 2925 1232 2989 Africa,
1278 2944 1349 2979 ea:
1389 2926 1570 2995 Gyaro
1619 2924 1897 2994 Cycladum
1942 2921 2108 2971 insula
2153 2920 2341 2970 incolas
2381 2939 2413 2970 a
