2882 3343
1206 222 1606 277 -ιὸ-

392 354 774 431 grammaticam
789 397 800 417 ‚
843 351 1177 429 geometriam
1194 397 1210 423 ,
1257 361 1495 408 mus-ioum
1511 396 1524 418 ‚
1570 362 1944 410 arithmeticam
1971 370 2209 413 etheum
2223 369 2413 416 ουτω

392 444 675 510 perstringit
709 444 840 510 quae
870 444 1155 494 caelestium
1190 444 1373 491 notitia
1408 441 1707 491 continetur.
1744 440 2413 512 ῑὛᾷἀεε-αοιυρὶειιευει-Ήῑε

392 528 566 575 stincte
615 524 921 592 (promiscuo
970 526 1100 573 enim
1145 523 1434 590 disputandi
1491 521 1667 574 ordine
1695 526 1791 573 ⁴'in'
1817 521 2024 592 singulis
2063 533 2412 593 pemensendis

392 610 561 667 utitur)
599 627 662 657 ne
691 610 827 657 hunc
859 606 1063 671 quidem
1099 607 1329 656 liberales
1369 606 1680 672 disciplinas,
1727 608 1895 672 quales
1942 609 2174 660 insecutis
2209 616 2412 664 saeculis

393 692 650 741 communi
687 699 929 739 consensu
963 690 1162 738 tractari
1196 690 1369 739 solitae
1403 698 1533 752 sunt,
1566 688 1878 755 descripsisse
1914 690 1966 738 in
2001 701 2305 759 certumque,
2327 713 2411 745 or-

392 779 507 824 bem
545 775 775 839 coegisse.
822 774 881 821 Et
914 783 1083 821 tamen
1114 772 1165 820 id
1193 773 1351 836 ipsum
1389 788 1569 835 magno
1606 781 1721 819 ante
1747 772 2109 832 Quintilianum
2144 775 2411 828 Senecam-

394 877 492 925 que
529 859 783 905 intervallo
817 857 1012 921 pridem
1049 856 1229 903 factum
1263 864 1367 903 erat
1400 854 1547 919 longe
1580 854 1969 905 luculentissimo
1999 859 2103 906 eius
2120 858 2209 907 vin‘
2244 877 2410 908 exem-

390 945 503 1007 plo,
539 943 680 989 cuius
713 940 963 1003 praeclara
1000 937 1239 986 industria
1282 947 1330 985 et
1364 954 1567 1002 prorsus
1602 938 2004 1002 incomparabilis
2026 941 2248 992 ,eruditio
2271 929 2410 992 ⁴nihil

389 1026 467 1072 vel
501 1025 828 1071 humanarum
867 1022 942 1069 vel
987 1020 1264 1070 divinarum
1310 1037 1473 1068 rerum
1524 1037 1625 1067 non
1674 1020 1862 1084 attigit,
1907 1022 2063 1071 immo
2107 1024 2289 1089 ingenii
2334 1028 2407 1074 sui

390 1109 577 1154 lumine
612 1122 717 1151 non
753 1104 1072 1150 collustravit:
1111 1105 1171 1150 M.
1208 1104 1490 1149 Terentii
1526 1104 1833 1149 Varronis.
1907 1103 2059 1153 Cuius
2107 1108 2185 1155 rei.
2215 1126 2409 1155 memo-

391 1192 511 1239 riam
535 1198 820 1252 temporum
853 1187 1115 1252 iniquitate
1137 1186 1271 1233 haud
1296 1187 1510 1250 paullum
1534 1187 1865 1246 obscuratam,
1898 1188 2053 1235 hodie
2086 1199 2250 1237 autem
2285 1209 2406 1255 pro-

392 1272 661 1338 pemodum
698 1272 1092 1331 intermortuam,
1130 1285 1190 1316 eo
1227 1285 1358 1316 nunc
1390 1267 1656 1316 studiosius
1679 1286 1882 1333 operam
1909 1269 2139 1319 dabimus
2167 1283 2223 1320 ut
2251 1292 2409 1339 quan-

389 1368 493 1405 tum
530 1355 636 1402 fieri
674 1353 829 1417 possit
864 1352 1280 1416 redintegremus,
1316 1367 1418 1416 quo
1457 1352 1735 1415 persuasius
1767 1352 2008 1400 habemus
2054 1354 2149 1417 eis,
2192 1373 2405 1420 quorum

390 1455 534 1503 supra
570 1436 854 1483 testimonia
889 1436 1278 1498 composuimus,
1307 1435 1633 1496 scriptoribus
1669 1435 1829 1497 ipsum
1864 1437 2130 1489 Varronem
2170 1456 2270 1486 non
2305 1441 2408 1487 exi-

386 1540 479 1586 gua
518 1538 574 1567 ex
609 1529 748 1583 parte
783 1527 1033 1565 auctorem
1078 1526 1127 1563 et
1164 1516 1443 1580 exemplum
1486 1517 1722 1565 exstitisse
1771 1534 1969 1565 suarum
2015 1518 2079 1566 de
2123 1520 2406 1570 liberalibus

391 1607 577 1654 artibus
613 1602 1019 1666 disputationum.

594 1691 640 1734 2.
713 1686 957 1732 Praestitit
992 1694 1154 1731 autem
1202 1684 1323 1731 illud
1357 1687 1418 1734 Μ.
1462 1688 1612 1733 Varro
1653 1685 1798 1733 editis
1842 1703 2062 1735 novem
2110 1688 2409 1752 discipli-

325 1784 332 1803 Ι
390 1787 602 1820 narum
640 1768 852 1830 libris,
889 1785 1104 1831 quorum
1144 1784 1206 1814 ne
1238 1767 1520 1815 coniectura
1557 1767 1761 1831 quidem
1800 1784 1828 1815 a
1862 1785 2119 1833 quoquam
2143 1770 2405 1835 significari

389 1862 733 1919 argumentum
770 1851 1105 1897 meminimus.
1178 1850 1251 1896 De
1286 1851 1468 1914 quibus
1492 1851 1747 1898 communi
1775 1853 2060 1900 testimonio
2087 1851 2407 1900 Cassiodorus

389 1956 429 1985 c.
469 1942 498 1985 3
537 1954 583 2001 p.
624 1936 721 1983 536
760 1936 791 1981 b
837 1943 885 1980 et
932 1932 1150 1980 Isidorus
1194 1932 1269 1995 II,
1313 1950 1354 1980 c.
1391 1937 1452 1980 23
1485 1934 1573 1981 sic:
1626 1933 1959 1983 Dialecticam
2005 1946 2054 1985 et
2101 1936 2404 1985 rhetoricam

391 2021 567 2068 Varro
599 2022 651 2067 in
687 2034 868 2067 novem
903 2016 1283 2082 disciplinarum
1323 2016 1470 2065 libris
1504 2018 1596 2065 tali
1634 2018 1964 2067 similitudine
1999 2018 2255 2084 definivit.-
2290 2018 2406 2068 dia-

383 2105 561 2152 lectica
608 2114 655 2150 et
691 2102 947 2149 rhetorica
987 2112 1061 2148 est
1095 2100 1232 2168 quod
1269 2103 1322 2148 1‘n
1376 2118 1523 2148 manu
1559 2102 1777 2149 hominis
1823 2119 2029 2167 pugnus
2079 2106 2319 2150 astrictus
2359 2114 2407 2150 et

378 2186 548 2250 palma
584 2184 836 2232 distensa:
874 2183 961 2230 illa
995 2183 1155 2230 verba
1192 2184 1511 2243 contrahens,
1547 2187 1644 2232 ista
1676 2184 1981 2232 distendens.
2051 2185 2214 2247 Ipsum
2240 2193 2403 2230 autem

384 2269 496 2314 libri
536 2267 752 2313 indicem
791 2282 852 2312 ne
899 2267 1010 2328 quis
1055 2266 1118 2312 ita
1165 2266 1549 2329 interpretetur,
1589 2275 1645 2313 ut
1692 2267 1810 2313 item
1864 2267 2144 2331 septenario
2194 2283 2403 2329 pugnero

383 2351 612 2398 definitas
647 2349 932 2413 disciplinas
969 2352 1236 2397 Varronem
1281 2357 1423 2413 putet
1460 2366 1638 2397 novem
1676 2349 1814 2398 libris
1850 2350 2139 2414 explicasse,
2188 2366 2401 2414 quorum

385 2451 485 2479 uno
537 2434 758 2497 potuerit
817 2436 1146 2481 communiter
1196 2432 1260 2480 de
1305 2431 1537 2480 omnibus
1587 2433 1755 2501 loqui,
1812 2431 2240 2496 quemadmodum
2292 2432 2404 2480 fecit

382 2518 650 2579 praemisso
699 2517 1078 2580 antiquitatibus
1121 2532 1287 2562 rerum
1325 2516 1658 2563 humanarum
1694 2516 1823 2562 libro
1859 2525 1982 2563 teste
2026 2517 2293 2580 Augustino
2339 2516 2402 2564 de

382 2600 472 2646 civ.
507 2598 587 2645 dei
623 2598 700 2659 Vl,
735 2604 790 2647 3:
839 2600 1001 2647 statim
1040 2599 1329 2646 subiicimus
1366 2599 1565 2645 Vitruvii
1613 2600 1788 2660 verba,
1836 2616 1861 2645 e
1908 2599 2092 2662 quibus
2136 2600 2401 2647 certissime

380 2681 671 2743 intelligitur
712 2683 920 2744 singulas
967 2682 1170 2745 singulis
1214 2681 1353 2727 libris
1391 2680 1675 2744 disciplinas
1717 2680 2000 2733 distributas
2034 2699 2165 2743 esse,
2202 2683 2286 2728 lib.
2322 2680 2400 2728 Vll

378 2763 531 2828 praef.
552 2804 555 2807 .
575 2761 660 2810 14:
709 2764 942 2827 Fufidius
974 2768 1105 2814 enim
1142 2768 1322 2812 mirum
1360 2764 1430 2818 de,
1460 2765 1543 2812 his
1574 2763 1742 2812 rebus·
1757 2767 1953 2829 primus
1987 2767 2205 2813 Instituit
2253 2763 2401 2812 edere

316 2843 334 2911 η’
378 2847 642 2905 volumen:
701 2848 814 2894 item
868 2847 1131 2896 Terentius
1177 2848 1356 2896 Varro
1403 2847 1479 2896 de
1523 2863 1743 2895 novem
1793 2847 2204 2912 disciplinis,
2249 2863 2398 2894 unum

380 2930 444 2979 de
473 2931 842 2980 architectura:
883 2929 936 2979 P.
963 2928 1229 2995 Septimius
1262 2931 1379 2980 duo.
1448 2933 1508 2980 Vt
1542 2932 1601 2978 in
1626 2932 1777 2996 ipsius
1808 2930 1955 2996 primi
1992 2929 2104 2976 libri
2136 2916 2396 2992 prooemio
