2882 3343
1224 175 1620 229 -402-

412 315 615 377 scrIpsic
652 316 769 366 (non
808 322 1047 380 qnantum
1082 310 1154 359 ad
1186 310 1342 360 solam
1376 308 1594 372 Italiam,
1631 311 1768 374 quod
1808 312 2086 379 Krahuerus
2118 315 2143 362 l.
2181 329 2239 360 ss.
2277 331 2325 377 p.
2362 318 2429 364 23

412 396 607 459 posuit.)
665 394 962 444 Exstiterunt
988 403 1235 459 praeterea
1252 391 1619 458 Ephemen'dos
1651 395 1855 448 navalis
1877 395 1953 445 ad
1987 398 2279 462 Pompeium
2317 397 2429 451 libri

372 544 375 548 ἢ
411 479 663 528 Varronis:
700 478 763 527 de
800 479 980 542 quibus
1017 493 1117 524 non
1154 475 1276 523 levia
1313 475 1557 540 quaedam
1590 476 1895 526 enucleanda
1925 488 2109 528 restant
2143 482 2287 529 etiam
2316 489 2429 546 post

411 563 587 614 doctas
622 580 762 610 curas
792 559 1027 608 Krahneri
1065 576 1114 622 p.
1155 560 1214 607 18
1252 576 1363 622 sqq.
1402 568 1450 606 et
1481 558 1669 623 Bergkii
1708 559 1756 611 in
1785 559 1904 608 Mus.
1938 562 2118 625 philol..
2133 563 2290 613 Rhen.
2314 582 2425 613 nov.

413 649 447 708 Ι,
484 665 534 710 p.
568 650 665 693 367
692 661 821 707 sqq„
857 659 1007 706 quem
1046 660 1108 687 ne
1148 652 1349 688 noverat
1380 642 1586 706 quidem
1627 643 1826 690 eosdem
1862 649 2428 708 uupercummentarios

411 733 579 777 leviter
614 739 817 789 tangens
865 727 1107 772 Oehlerus
1139 727 1234 772 Sat.
1272 727 1401 772 Varr.
1440 743 1487 789 p.
1525 723 1591 773 64
1675 728 1748 772 Ab
1789 727 1866 773 his
1913 736 2075 774 autem
2128 728 2264 774 libris
2310 731 2429 776 alie-

416 814 664 859 nissimam
696 811 848 856 totius
884 810 1020 855 orbis
1050 819 1287 855 terrarum
1326 808 1714 873 descriptionem
1752 810 1915 872 fuisse,
1947 811 2062 858 sat-is
2092 828 2149 857 ex
2178 812 2285 875 ipso
2307 814 2428 859 scri-

407 896 564 959 ptoris
595 894 802 942 consilio
839 901 1070 958 apparet,
1105 894 1292 958 quippe
1331 908 1480 957 quem
1518 894 1728 941 sciamus
1757 894 1939 941 librum
1976 893 2111 942 illum
2149 894 2236 943 Cn.
2275 897 2425 945 Pom-

407 980 523 1043 peio
573 994 660 1042 per
706 976 960 1043 Hispanias
996 977 1262 1025 militaturo
1310 976 1558 1042 scripsisse
1598 986 1720 1027 teste
1754 975 2011 1036 ltinerario
2047 978 2176 1028 Alex.
2200 978 2260 1026 M.
2299 996 2337 1028 c.
2375 981 2423 1029 6.

410 1063 548 1121 Quae
581 1078 694 1110 cum
733 1061 798 1109 ita
836 1069 1014 1123 essent,
1051 1061 1238 1108 nescire
1274 1077 1324 1111 se
1356 1060 1507 1108 fassus
1537 1069 1609 1108 est
1626 1060 1905 1110 Krahnerus
1922 1078 1970 1126 p.
1990 1064 2078 1123 23,
2107 1063 2193 1110 ubi
2223 1063 2423 1112 tandem

408 1146 568 1209 posita
606 1145 807 1191 fuissent
833 1143 1099 1207 fragmenta
1130 1160 1157 1190 a
1183 1144 1340 1191 Plinio
1364 1143 1675 1206 potissimum
1701 1152 1906 1201 servata,
1942 1160 2070 1207 quae
2105 1145 2169 1193 ad
2204 1155 2427 1211 externa-

407 1248 513 1276 rum
553 1230 769 1285 urbium,
804 1227 1044 1290 gentium,
1076 1227 1351 1289 regionum,
1382 1226 1569 1273 viarum
1608 1226 1944 1288 cognitionem
1981 1229 2300 1290 pertinerent.
2347 1231 2425 1277 Eis

410 1330 542 1359 nunc
583 1313 717 1358 locus
755 1312 978 1358 inventus
1016 1319 1090 1357 est
1127 1310 1177 1356 in
1212 1309 1581 1373 geometria.
1654 1306 1791 1356 Vnde
1827 1310 2044 1374 primum
2090 1329 2193 1358 non
2229 1312 2426 1360 dubita-

409 1413 516 1441 mus
554 1395 824 1443 Gellianam
864 1392 1157 1441 memoriam
1196 1400 1418 1455 repetere
1453 1390 1510 1452 X,
1549 1394 1602 1437 7:
1644 1389 1822 1439 Varro
1851 1391 2017 1441 autem
2054 1408 2163 1441 cum
2186 1392 2253 1443 de
2277 1407 2427 1459 parte

405 1479 566 1537 orbis,
604 1495 735 1547 qnae
766 1478 973 1544 Europa
1008 1476 1225 1537 de'cilur,
1258 1475 1555 1530 dissereret,
1602 1477 1655 1522 in
1689 1473 1853 1525 tribus
1880 1479 2063 1542 primis
2106 1480 2216 1527 eius
2262 1489 2429 1526 terrae

386 1562 696 1625 flaminibus
731 1561 1035 1610 Rhodanum
1072 1578 1179 1609 esse
1209 1563 1366 1627 ponit.
1422 1559 1536 1619 Quo
1574 1569 1737 1607 tamen
1775 1560 1979 1607 minime
2011 1562 2261 1625 pertinent
2285 1562 2427 1610 Var-
2473 1564 2475 1566 ’

407 1649 547 1694 roni5
584 1649 635 1694 in
672 1644 876 1713 Europa
908 1645 1055 1691 verba
1092 1660 1118 1690 a
1158 1645 1293 1690 Festo
1332 1660 1382 1706 p.
1418 1645 1516 1691 381
1555 1642 1616 1690 M.
1652 1642 1792 1689 allata
1826 1652 1983 1691 tultam
2018 1642 2114 1692 sub
2139 1642 2260 1694 sede
2281 1647 2427 1705 suis-

407 1742 540 1791 senc‚
579 1746 707 1795 quae
758 1738 973 1776 extrema
1026 1737 1138 1775 sunt
1184 1728 1485 1791 hexametri,
1530 1726 1682 1793 petita
1734 1735 1895 1774 autem
1947 1744 1973 1773 e
2013 1729 2079 1783 ‚P.
2124 1729 2427 1775 Varronis

408 1813 663 1859 Atacini
705 1811 1078 1875 Chorographia
1114 1810 1213 1856 sive
1235 1809 1639 1875 Cosmographia‚
1673 1820 1727 1858 ut
1762 1819 1875 1874 post
1906 1811 2251 1858 Ruhnkenium
2278 1812 2427 1875 Epist.

407 1897 513 1942 crit.
552 1894 609 1956 ll,
646 1913 689 1959 p.
731 1899 831 1943 ‘200
868 1895 1118 1959 perspexit
1145 1893 1458 1942 Wuellnerus
1494 1911 1541 1958 p.
1579 1897 1662 1943 23.
1733 1893 1800 1941 Cf.
1846 1894 2094 1942 Hertzium
2138 1893 2201 1942 de
2248 1892 2429 1942 Cinciis

407 1997 452 2042 p.
492 1983 569 2024 37.
649 1979 972 2025 Memorabile
1021 1987 1092 2024 est
1140 1978 1302 2039 enim,
1349 1977 1544 2048 tgiplici
1572 1977 2060 2046 Vexsswem‘plomsseatini
2093 1977 2426 2050 imitationem

406 2078 644 2126 apparere
682 2063 730 2106 in
767 2062 996 2130 Atacino:
1032 2042 1859 2131 CQss‘mOgfflRsslflffi‚Ephemesldos
1908 2061 1970 2107 de
2043 2042 2430 2127 Uissijssssffl‘ssss

407 2130 512 2192 flius
543 2147 573 2191 ¹·
609 2162 692 2206 εει,
728 2129 1105 2208 effatorum.
1132 2147 1170 2205 sj
1208 2145 1367 2209 m9do.
1402 2145 1531 2194 fides
1562 2143 2428 2210 Hori-,atiam-‚§.9k1„9„¹.i.asta2.i2n.§9533.¹·

406 2228 439 2289 l,
480 2233 561 2289 10,
591 2226 672 2274 46.

536 2333 548 2343 =
612 2317 657 2357 Q,
729 2311 967 2356 Omnium
1024 2321 1189 2358 autem
1250 2312 1463 2359 maxime
1510 2312 1742 2359 Varronis
1798 2312 2139 2375 geographicis
2182 2310 2431 2360 Plinius

406 2410 517 2443 usus
553 2401 626 2441 est
661 2393 711 2441 in
750 2392 961 2441 Naturali
994 2393 1226 2456 historia,
1262 2394 1322 2442 iis
1358 2392 1564 2458 quidem
1601 2393 1739 2442 libris
1769 2394 1952 2458 quibus
1992 2386 2237 2444 contineri
2274 2392 2428 2442 voluit

404 2480 546 2534 situs,
582 2488 779 2544 gentes,
810 2479 993 2540 maria,
1022 2476 1224 2544 oppida,
1255 2488 1459 2544 portus,
1495 2489 1709 2539 montes,
1725 2476 1975 2544 flamma,
2014 2494 2301 2532 mensuras,
2332 2493 2431 2541 po-

400 2561 548 2626 pulos
579 2565 668 2629 qm'
694 2572 813 2611 sunt
845 2572 936 2610 aut
958 2566 1206 2625 ficerunt,
1242 2563 1292 2610 h.
1331 2580 1373 2610 e.
1407 2578 1435 2610 a
1469 2562 1619 2610 tertio
1662 2560 1726 2609 ad
1771 2570 1976 2610 sextum.
2058 2561 2242 2610 Eorum
2270 2559 2430 2624 igitur

409 2643 637 2690 ordinem
675 2629 917 2706 librorum
955 2646 1007 2693 in
1041 2645 1366 2710 excerpendis
1395 2646 1712 2694 Varronianis
1746 2646 2178 2695 testimoniisnos
2225 2658 2430 2707 quoque

409 2727 697 2790 sequimur,
733 2729 952 2793 ascriptis
987 2738 1183 2794 praeter
1218 2730 1458 2777 librorum
1496 2728 1814 2793 capitumque
1849 2743 2082 2776 numeros
2116 2723 2432 2791 paragraphis

413 2808 693 2873 Silligianis.
766 2809 887 2857 l'lin.
933 2810 1016 2863 111,
1063 2818 1118 2875 1,
1152 2817 1193 2867 §.
1231 2816 1282 2861 8:
1336 2812 1397 2861 Jn
1445 2814 1733 2861 universam
1780 2811 2081 2878 Hispaniam
2130 2809 2203 2858 M.
2256 2807 2431 2856 Varro

407 2894 708 2956 pervenisse
742 2890 916 2942 Iberos
950 2905 997 2941 et
1026 2894 1210 2944 Persas
1243 2908 1290 2945 ec
1325 2896 1609 2946 Phoenicas
1644 2894 1909 2962 Celtasque
1941 2904 1990 2942 et
2019 2893 2217 2951 Poenos
2252 2890 2431 2941 tradit.-
