2882 3343
1266 141 1338 151 ....
1424 109 1496 160 55
1578 140 1655 150 ...-

455 262 721 316 utrumque
757 246 1103 309 confirmatur,
1139 256 1186 295 et
1220 246 1516 312 peculiarem
1561 262 1762 312 operam
1798 247 2064 295 Varronem
2099 248 2151 295 in
2187 247 2461 296 litterarum

452 335 728 384 rationibus
763 330 1062 396 explicandis
1093 332 1341 397 posuisse,
1382 339 1431 379 et
1473 346 1579 379 eam
1616 347 1720 380 non
1751 346 1885 393 uno,
1924 327 2012 378 sed
2057 330 2277 394 pluribus
2321 329 2461 379 libris

453 424 751 465 contentam.
817 416 1088 478 Vtrumque
1119 422 1285 462 autem
1320 428 1433 460 cum
1468 429 1666 477 prorsus
1701 414 1751 461 in
1780 413 2032 461 simillima
2061 413 2342 461 testimonia
2377 413 2458 460 ina

453 497 623 560 cadat,
667 497 847 561 quibus
889 497 1120 545 Varronis
1171 495 1236 544 de
1281 497 1481 560 origine
1527 494 1732 561 linguae
1777 495 1964 545 latinae
1999 493 2170 544 libros
2209 494 2454 557 Apuieius,

451 579 523 628 ad
555 580 754 629 Auium
790 579 948 629 libros
982 573 1249 642 Pompeiu‘s
1285 587 1763 647 commemorarunt,
1799 577 1922 642 quid
1956 593 2139 642 quaeso
2176 576 2241 624 ad
2275 577 2458 640 proba-

455 661 695 711 bilitatem
727 661 934 728 propius
970 668 1133 725 potest
1165 657 1398 708 accedere
1434 675 1583 725 quam
1621 658 1819 707 eosdem
1855 659 2022 723 libros,
2061 675 2188 725 quos
2206 661 2358 709 Varro
2395 657 2459 708 de

2571 348 2614 380 „7

451 748 649 812 origine
695 745 901 811 linguae
953 744 1140 794 Ιαιίηαε
1190 743 1548 808 inscripsisset,
1594 744 1655 791 ab
1711 752 1994 807 argumento
2048 741 2200 791 ducto
2252 733 2458 791 nomine
2494 735 2501 797 s

450 827 753 875 Priscianum
786 825 851 876 de
875 828 1172 890 antIquitate
1193 825 1473 875 litterarum
1504 825 1656 873 libros
1681 824 1888 873 dixisse?
1934 827 1991 874 Et
2015 843 2126 874 cum
2152 827 2460 888 Pompeiana
2480 821 2498 857 Γ

448 911 691 956 memoria
726 908 960 957 Prisciani
998 908 1339 955 testimonium
1372 906 1584 954 Walchii
1626 925 1829 971 quoque
1874 909 2150 956 coniectura
2201 909 2456 955 nectebat:

449 1002 550 1038 tam
579 991 778 1038 evidens
801 1001 873 1037 est
890 991 1159 1055 utrobique
1192 990 1507 1054 proditorum
1541 990 1921 1054 fragmentorum
1960 992 2326 1055 propinquitas:
2364 992 2459 1038 nisi

451 1073 591 1136 quod
628 1072 990 1120 inconsiderate
1026 1073 1317 1120 Ruhnkenio
1363 1088 1584 1121 assensus
1627 1072 1689 1119 de
1736 1074 1872 1120 libris
1918 1073 1987 1121 ad
2029 1072 2256 1123 Atticum
2291 1075 2457 1138 potius

453 1172 600 1219 quam
643 1155 712 1203 ad
747 1155 948 1204 Attium
984 1156 1175 1220 scriptis
1208 1155 1449 1221 cogitavit.

649 1281 867 1350 'scripsimus
894 1315 941 1340 m.
968 1309 1075 1341 Mart.
1104 1315 1136 1340 a.
1165 1305 1569 1343 clomcccxxxxv.
