2882 3343
389 356 520 405 hanc
551 353 963 420 quadripartitam
987 351 1373 419 descriptionem
1398 364 1491 399 nec
1509 347 1729 400 Isidorus
1742 349 1962 416 ignorat,
1997 352 2155 403 immo
2186 352 2410 419 sequitur

389 440 443 485 in
477 439 606 486 libro
640 436 724 504 111,
757 438 846 486 ubi
889 436 954 485 ad
990 437 1144 501 ipsam
1196 432 1574 497 explicationem
1617 429 1989 497 disciplinarum
2035 435 2408 486 mathematica-

387 538 499 568 rum
536 519 753 568 accedit:
790 521 1140 568 mathematica
1175 550 1187 561 .
1227 550 1238 561 .
1277 550 1289 561 .
1327 518 1472 565 cuius
1512 517 1704 581 species
1746 527 1865 565 sunt
1914 529 2155 585 quatoecor
2169 556 2182 577 ,
2229 518 2287 568 id
2336 530 2409 570 est

385 605 736 660 arithmetica,
769 606 975 663 musica,
1008 602 1343 665 geometrica,
1377 600 1715 648 astronomia.-
1761 615 1979 663 quocum
2026 602 2252 666 congruit
2292 602 2410 667 ipsis

390 685 653 752 Originum
691 687 825 733 libris
861 683 1129 749 praemissa
1163 681 1227 730 ad
1265 682 1580 729 Braulionem
1615 682 1903 746 episcopum
1935 681 2141 746 epistoia
2176 683 2249 730 vl.
2309 685 2409 733 Nisi

391 768 533 833 quod
566 768 732 833 priore
763 767 878 815 loco
915 765 999 814 illo
1036 766 1087 813 in
1135 763 1434 829 quibusdam
1470 763 1609 810 libris
1643 763 1838 812 inverso
1882 763 2060 812 ordine
2101 773 2214 812 ante
2254 769 2410 815 musi-

390 867 498 899 cam
542 853 851 917 geometrica
894 858 943 895 et
988 854 1411 895 commemoratur
1455 854 1506 900 et
1540 854 1803 908 tractatur,
1854 864 2055 910 prorsus
2097 847 2150 896 id
2199 847 2405 913 quidem

391 931 670 990 Cassiodori
708 931 952 994 exemplo.
1021 930 1279 994 Vulgarem
1313 937 1483 976 tamen
1532 927 1763 976 ordinem
1798 938 1956 978 servat
1989 930 2138 978 etiam
2171 931 2408 978 Boethius

387 1015 534 1063 initio
569 1015 809 1061 librorum
844 1013 908 1085 de
942 1012 1267 1060 arithmetica.
1304 1037 1367 1044 —
1410 1010 1617 1059 Rursum
1653 1019 1817 1059 autem
1860 1012 2025 1075 paullo
2068 1022 2181 1061 ante
2192 984 2409 1061 Cassio·

389 1097 567 1147 dorum
614 1097 666 1144 in
709 1114 891 1145 novem
937 1095 1170 1144 Marciani
1216 1092 1440 1159 Capellae
1485 1094 1623 1142 libris
1671 1092 1868 1142 easdem
1918 1104 2047 1143 artes
2086 1095 2189 1144 hoc
2232 1094 2408 1144 ordine

388 1189 704 1245 pertractatas
755 1180 1029 1245 reperimus
1075 1197 1102 1228 a
1146 1180 1227 1229 lib.
1263 1178 1325 1226 111
1371 1177 1435 1227 ad
1475 1177 1562 1226 IX:
1614 1182 2025 1244 grammaticam,
2070 1179 2409 1237 dialecticam,

388 1265 722 1326 rhetoricam,
756 1266 1080 1329 geometriam
1102 1300 1117 1326 ,
1147 1263 1541 1322 arithmeticam,
1576 1265 1951 1319 astronomiam,
1988 1266 2242 1313 musicam.
2316 1264 2411 1312 Po-

386 1356 570 1394 stremo
611 1345 1084 1394 commemorandus
1118 1355 1334 1410 utroque
1367 1345 1506 1410 prior
1550 1345 1872 1410 Augustinus,
1908 1345 1986 1394 his
2030 1346 2110 1394 ine
2151 1347 2314 1394 verbis
2347 1345 2411 1394 de

385 1429 486 1475 suis
515 1428 690 1477 studiis
722 1445 977 1493 exponens
1010 1430 1269 1477 Retractat.
1305 1428 1343 1489 I,
1378 1444 1420 1477 c.
1452 1429 1507 1476 6:
1555 1429 1659 1477 Per
1690 1428 1822 1479 idem
1850 1440 2040 1494 tempus
2075 1445 2175 1497 quo
2211 1429 2412 1478 Medio-

384 1511 494 1559 lani
507 1498 601 1572 Jui
640 1510 936 1578 baptismum
981 1514 1040 1568 (a.
1076 1513 1193 1568 387)
1226 1522 1582 1577 percepturam,
1615 1514 1766 1561 etiam
1799 1511 2296 1580 disciplinarum
2339 1512 2413 1560 li-

390 1592 542 1643 bros
576 1606 784 1644 conatus
817 1612 928 1645 sum
965 1593 1188 1645 scribere
1221 1634 1231 1644 .
1270 1627 1281 1640 .
1322 1630 1333 1640 .
1375 1629 1387 1641 .
1429 1611 1524 1661 per
1567 1595 1854 1662 corporalia
1898 1599 2103 1663 cupiens
2138 1594 2210 1645 ad
2246 1598 2415 1645 incor-

386 1678 594 1743 poralia
623 1678 924 1748 quibusdam
969 1681 1119 1748 quasi
1157 1676 1397 1744 passibus
1440 1681 1591 1730 certis
1637 1680 1726 1730 vel
1767 1683 2039 1747 pervenire
2081 1680 2170 1730 vel
2212 1680 2415 1732 ducere.

387 1761 480 1810 sed
513 1778 686 1811 earum
723 1764 883 1812 solum
919 1762 985 1813 de
1013 1766 1349 1829 grammatica
1377 1761 1561 1813 librum
1583 1763 1852 1814 absolvere
1868 1767 2028 1830 potui,
2061 1781 2207 1833 quem
2237 1776 2417 1829 postea

389 1844 453 1895 de
487 1849 711 1897 armario
755 1859 929 1897 nostro
976 1845 1217 1914 perdidi,
1258 1859 1306 1898 et
1346 1846 1412 1898 de
1445 1851 1636 1898 musica
1678 1865 1777 1898 sex
1819 1848 2103 1898 volumina:
2143 1884 2156 1897 .
2192 1882 2205 1893 .
2244 1886 2253 1897 .
2293 1882 2305 1894 .
2343 1850 2417 1896 in-

389 1931 697 1980 choaveram
731 1936 914 2000 quippe
959 1932 1302 1981 tantummodo
1338 1936 1485 1982 istam
1519 1932 1658 1998 apud
1690 1932 2035 1988 Mediolanum
2079 1931 2413 1997 disciplinam.

387 2013 453 2062 de
487 2014 606 2063 aliis
640 2032 767 2064 vero
800 2019 1022 2084 quinque
1064 2016 1352 2082 disciplinis
1404 2016 1508 2065 illic
1551 2018 1786 2066 similiter
1835 2018 2114 2078 inchoatis,
2159 2015 2224 2064 de
2258 2012 2418 2064 dialess

388 2100 544 2152 ctica,
580 2097 645 2145 de
673 2100 955 2158 rhetorica,
992 2099 1058 2148 de
1091 2103 1429 2167 geometrica,
1474 2100 1538 2149 de
1572 2102 1916 2158 arithmetica,
1964 2099 2030 2148 de
2072 2100 2417 2166 philosophia,

387 2181 499 2229 sola
528 2185 787 2246 principia
822 2194 1197 2244 remanserunt,
1239 2200 1370 2250 quae
1404 2195 1568 2232 tamen
1600 2188 1750 2234 etiam
1796 2188 1906 2247 ipsa
1941 2183 2282 2248 perdidimus:
2325 2182 2418 2231 sed

387 2262 569 2312 haberi
600 2263 666 2313 ab
698 2263 952 2333 aliquibus
986 2268 1239 2316 existimo.
1308 2265 1458 2315 Vides
1505 2266 1838 2316 astronomiae
1886 2266 2000 2314 loeo
2046 2263 2250 2329 prodire
2296 2263 2415 2328 phi-,

393 2349 702 2414 losophiam:
748 2351 848 2397 sive
883 2350 936 2398 id
971 2352 1266 2415 Augustinus
1311 2350 1427 2399 fecit
1460 2351 1697 2398 arbitratu
1731 2367 1821 2398 suo
1863 2350 2013 2413 eique
2051 2348 2261 2398 consilio
2294 2364 2418 2395 con-

390 2432 648 2483 venienter
683 2448 787 2497 quo
822 2432 894 2482 ad
939 2433 1281 2500 incorporalia
1315 2436 1589 2500 pervenire
1626 2449 1722 2499 per
1767 2431 2075 2499 corporalia>
2099 2431 2271 2494 venet,
2317 2431 2416 2479 sive

392 2514 520 2563 illius
556 2524 713 2566 aetate
757 2515 984 2566 nondum
1033 2518 1242 2566 omnino
1287 2518 1557 2568 invaluerat
1602 2517 1749 2567 certis
1791 2515 1975 2565 finibus
2018 2513 2416 2578 circumscriptae
2454 2560 2458 2563 .

391 2597 646 2659 ἐγκυκλίου
681 2595 911 2654 παιδείας
946 2599 1273 2649 consuetudo.
1342 2599 1501 2665 quue
1536 2601 1604 2649 ita
1642 2615 1745 2647 esse
1792 2598 1946 2663 magis
1979 2597 2129 2646 etiam
2176 2611 2415 2662 apparere

391 2696 452 2729 ex
488 2678 712 2730 eiusdem
746 2680 1000 2746 Augusti-ni
1036 2683 1122 2732 lib.
1155 2683 1197 2731 lI
1233 2683 1296 2734 de
1332 2682 1511 2735 ordine
1535 2699 1655 2748 cap.
1691 2685 1758 2733 35
1793 2698 1908 2746 sqq.
1943 2678 2172 2744 videtur,
2211 2675 2418 2729 ubi'di-

387 2763 720 2831 sciplinarum
742 2764 842 2824 (vel
855 2766 1138 2818 studiorum
1156 2766 1504 2820 liber-aliorum
1526 2778 1574 2818 et
1596 2764 1979 2833 disciptimerum
2006 2781 2056 2816 c,
2070 2765 2153 2821 38)
2189 2760 2416 2812 omnium

389 2848 718 2915 inventricem
753 2857 804 2897 et
839 2850 1093 2899 rectricem
1133 2868 1238 2900 esse
1283 2840 1529 2904 rationem
1565 2849 1989 2899 demonstratu-us
2028 2845 2357 2911 proficiscitur
2390 2861 2419 2892 a

388 2933 754 3000 grammatica,
785 2932 866 2981 cui
903 2931 1193 2999 disciplinae
1226 2935 1465 2986 accedere
1500 2936 1764 2986 historiam
1804 2936 1866 2994 (e.
1903 2932 2012 2993 37),
2044 2928 2206 2995 pergit
2235 2926 2418 2978 deinde
