2882 3343
1277 110 1675 166 -61-

484 271 709 320 mmmm*
742 260 1023 306 eaja'nmm
1060 267 1190 318 quae
1219 250 1291 304 ad.
1312 249 1829 317 inditumAsclepiadi
1852 264 2232 318 cognomentum
2263 262 2490 324 spectant

486 336 1192 399 Varronis-,auctoritatsspeni
1240 336 1562 397 arbitramur,
1594 335 1913 400 perineptum
1948 335 2071 384 illud
2115 337 2251 401 apud
2292 340 2495 404 priscos

486 435 617 482 esse„
653 434 756 467 non
792 416 1097 471 estidifficile
1123 413 1506 467 demonstranti
1545 418 1738 466 tametsi
1784 432 1843 466 ex
1893 434 1954 467 eo
2000 416 2065 467 ad
2109 428 2316 468 aetatem
2366 419 2493 469 adeo

483 502 717 553 hominis
737 502 1073 552 definiendam
1105 500 1301 566 aliquid
1334 508 1698 564 argumentatus
1729 510 1799 549 est
1827 502 2069 550 Heckerus
2104 502 2225 550 Hist.
2250 503 2427 550 medic.
2448 506 2491 567 Ι,

485 602 535 649 p.
573 584 687 635 366.
756 584 876 635 Nam
909 593 990 634 ut
1005 593 1221 643 taceam
1236 597 1327 659 per
1351 596 1411 631 se
1446 581 1570 631 mire
1608 597 1700 631 nec
1732 583 1904 633 usitate
1951 583 2090 651 apud
2128 586 2331 651 priscos
2373 583 2493 633 dici:

485 668 526 716 si
550 667 673 717 nihil
687 667 831 718 aliud
854 651 1012 716 voluit.
1030 665 1213 716 Plinius
1238 665 1332 715 nisi
1364 673 1510 714 ante
1534 664 1875 730 Asclepiadem
1910 676 1959 716 et
1983 668 2276 734 morborum
2303 682 2497 716 caussas

486 752 547 797 ab
580 751 854 815 ffleophilo
891 759 940 797 et
982 768 1031 797 a
1044 748 1354 814 Cleophanto
1401 749 1502 796 vini
1543 749 1786 796 rationem
1832 749 2086 798 illustratas
2130 751 2321 811 dicere,
2368 749 2495 814 quid

488 850 613 898 opus
648 842 752 881 erat
785 834 995 881 omnino
1029 840 1152 897 post·
1174 835 1321 898 prius
1356 831 1506 894 illud,
1542 832 1639 880 iam
1664 831 1919 895 Herophili
1955 833 2198 881 mentioni
2235 832 2492 894 insertum,

485 919 696 966 alteram
721 916 971 981 quandam
1006 918 1247 981 temp-oris
1285 917 1590 971 notationem
1626 915 1797 964 denuo
1832 917 2038 964 inferre?
2106 919 2490 981 Eamquexqua-

484 1001 584 1046 lem
619 999 859 1046 tandem?
930 999 1041 1059 Qua
1070 1000 1297 1062 ¹profecto
1344 1000 1602 1062 Herophili
1646 1000 1793 1045 aetati
1837 1008 1893 1045 ut
1938 1001 2095 1047 maior
2145 1000 2290 1046 etiam
2345 997 2492 1046 Cleo-

481 1081 686 1146 phantia
721 1090 1036 1145 opponatur:
1066 1080 1120 1128 id
1165 1079 1304 1144 quod
1342 1095 1453 1128 necv
1475 1081 1525 1127 in
1551 1082 1814 1128 veritatem
1849 1081 2083 1128 historiae
2119 1097 2210 1128 nec
2258 1082 2308 1128 in
2342 1081 2491 1129 Plinii

484 1164 744 1211 consilium
796 1164 1278 1227 convenireipsum
1320 1164 1543 1228 suspicor
1591 1164 1858 1211 Heckerum
1909 1179 2273 1212 concessurum.
2366 1163 2489 1212 Nam

485 1244 648 1293 Celsus
682 1246 767 1307 ΙΙΙ,
808 1243 869 1294 14
904 1263 1016 1293 cum
1053 1244 1418 1310 Cleophantum·
1444 1244 1573 1296 ,dicit
1604 1246 1852 1312 quendam
1886 1263 1956 1295 ex
1990 1246 2359 1314 antiquioribus
2392 1264 2490 1296 me-

486 1329 646 1390 dicis,
682 1346 787 1376 non
821 1328 953 1376 aliud
988 1338 1184 1392 tempus
1219 1328 1460 1393 significat
1494 1329 1586 1376 nisi
1624 1329 1833 1376 talecui
1873 1339 1921 1376 et
1955 1328 2222 1376 Herodicus
2256 1338 2305 1376 et
2347 1327 2490 1376 Cleo-

483 1412 697 1476 phantus
727 1411 979 1459 tribuendi
1015 1412 1127 1459 sint.
1199 1411 1340 1472 Quae
1373 1428 1487 1459 cum
1523 1412 1589 1459 ita
1623 1412 1747 1474 sint,
1782 1429 1884 1459 non
1915 1413 2081 1459 hercle
2116 1413 2278 1476 inepte
2320 1414 2489 1459 conie-

483 1502 667 1544 ctatum
719 1503 791 1543 est
836 1495 889 1546 in
932 1494 1095 1544 latinis
1143 1493 1282 1560 apud
1327 1497 1526 1560 pn‘scos
1580 1495 1743 1541 verbis
1795 1495 1954 1558 ipsum
2013 1507 2290 1559 cognomen
2342 1495 2489 1540 latere

483 1576 785 1640 Asclepiadis
819 1593 851 1631 3
877 1578 1037 1626 Plinio
1073 1576 1416 1642 significatum.
1488 1576 1547 1626 Id
1581 1577 1621 1624 si
1659 1578 1941 1641 quaerimus
1975 1577 2120 1641 quale
2152 1576 2318 1639 suerit,
2347 1592 2491 1640 prae-

480 1668 555 1705 sto
592 1667 665 1706 est
699 1659 939 1708 Heckerus
984 1662 1171 1723 p.-387
1218 1659 1565 1723 ψυχρολούτης
1605 1675 1826 1722 ponens,
1869 1658 2163 1707 testimoniis
2205 1659 2490 1723 subscriptis

481 1741 605 1788 Plin.
641 1742 672 1788 l.
707 1729 768 1793 ss.
806 1750 854 1789 et
888 1740 1015 1794 Cael,
1051 1741 1295 1791 Aurelian.
1333 1742 1470 1797 Aeut.
1508 1746 1549 1805 I,
1588 1740 1665 1789 14.
1743 1742 1842 1791 Sed
1884 1741 2033 1790 Caelii
2077 1741 2282 1807 quidem
2329 1743 2488 1791 nullus

482 1825 535 1869 in
570 1825 665 1870 hac
699 1841 865 1871 caussa
897 1842 1013 1873 usus
1048 1834 1147 1888 est,
1179 1825 1315 1891 apud
1344 1843 1495 1891 quem
1532 1827 1655 1872 nihil
1689 1835 1885 1891 praeter
1917 1827 2041 1872 haee
2070 1835 2274 1872 exstent:
2311 1825 2488 1879 (Ascle-

478 1907 677 1971 piades)-
701 1909 1021 1957 vehementer
1055 1910 1178 1959 utile
1209 1909 1336 1960 dicit
1370 1910 1570 1978 [aquam
1598 1909 1788 1984 btjbere]
1817 1921 1865 1957 et
1886 1909 2102 1975 frigida
2129 1910 2306 1969 lavari,
2336 1924 2486 1975 quam

479 1990 863 2053 Ψυχρολουσιάν
894 1993 1166 2058 appellant,
1199 2004 1248 2043 et
1267 1992 1530 2060 frigidam
1566 1992 1755 2056 biberez
1789 1987 1843 2039 in
1874 1993 2054 2057 quibus
2075 1993 2234 2039 verbis
2269 1991 2484 2036 dubitari

480 2073 655 2137 nequit
691 2074 815 2137 quin
850 2074 1060 2123 insiticia
1095 2075 1193 2125 sint
1227 2090 1356 2140 quae
1378 2075 1614 2124 cancellis
1653 2076 1910 2141 sepsimus.
1979 2077 2235 2123 Praeterea
2271 2073 2479 2138 neglexit

471 2153 722 2208 Beckerus
755 2155 818 2205 de
852 2156 1027 2206 danda
1059 2156 1233 2222 frigida
1263 2157 1314 2205 h.
1352 2173 1393 2206 e.
1430 2158 1498 2215 >ab
1544 2159 1753 2223 aegrotis
1795 2155 2016 2205 bibenda
2061 2156 2202 2221 loqui
2246 2155 2480 2218 Plinium,

478 2252 583 2293 non
619 2236 681 2284 de
716 2237 1012 2290 balneorum
1047 2240 1450 2304 lavationumque
1495 2256 1599 2288 usu.
1676 2241 1801 2303 Ergo
1846 2240 1943 2287 hac
1986 2239 2190 2302 quidem
2235 2255 2292 2286 ex
2340 2248 2479 2302 parte

477 2322 634 2370 multo
682 2338 797 2373 sane
844 2331 892 2368 et
943 2322 1321 2371 consideratius.
1353 2333 1402 2370 et
1451 2323 1656 2370 felicius*
1680 2322 1944 2370 Cor-narius
1997 2324 2049 2369 in
2097 2321 2236 2386 apud
2279 2324 2482 2386 priscos

478 2404 901 2463 (Afflpfflscos
913 2408 941 2463 )‚
977 2407 1133 2454 latere.
1174 2408 1390 2455 coniecit
1430 2403 1748 2470 δωσίψυχρος
1793 2402 2251 2465 (ΔΟΟῙΨΤΧΡΟΟ,
2302 2404 2484 2454 DOSI-

475 2486 764 2545 Pstcnos).
833 2487 890 2533 In
923 2489 1263 2551 quofortasse
1288 2491 1659 2553 acquievissem,
1695 2491 1787 2538 nisi
1821 2489 2069 2536 consultus
2101 2505 2131 2534 a
2163 2504 2245 2534 me
2281 2488 2480 2535 amicis-

474 2569 625 2617 simus
653 2568 838 2633 collega
873 2568 1108 2636 idemque
1143 2571 1388 2636 imprimis
1421 2570 1597 2620 doetus
1630 2571 1849 2621 medicus
1882 2571 2196 2630 Naumannus
2225 2579 2413 2620 exstare
2448 2586 2476 2618 a
2526 2614 2533 2628 ,

474 2650 622 2701 simili
656 2666 820 2700 caussa
854 2650 1051 2702 medico
1085 2653 1398 2718 impositum.
1430 2670 1706 2721 cognomen
1747 2652 1879 2719 apud
1911 2651 2242 2722 Alexandrum
2275 2653 2473 2703 Trallia-

475 2751 603 2783 num
629 2733 975 2801 respondisset.
1044 2735 1117 2784 Ab
1153 2735 1432 2788 hoesenimr
1456 2755 1569 2788 cum
1589 2737 1669 2801 Xl,
1701 2733 1860 2803 {2645
1896 2735 1976 2789 ed.
2004 2735 2228 2787 Guinter.
2264 2734 2467 2802 quidam

475 2815 690 2881 Ἰάκωβος
722 2820 749 2867 ὁ
783 2819 1066 2884 ψύχριστος
1101 2831 1536 2884 commemoratur,
1567 2830 1674 2872 tum
1710 2820 1815 2871 eius
1844 2820 2066 2872 nominis
2093 2821 2219 2871 ratio
2249 2817 2472 2868 redditur
