2882 3343
1279 132 1654 187 ...3-

467 273 543 326 ad·
559 274 877 332 ἀίαἱθακωη
906 280 956 321 et
986 271 1312 331 νήοεανίοωιι,
1340 270 1421 319 his
1452 271 1609 338 iungit
1640 274 1878 324 musicam
1912 274 2057 323 simul
2092 277 2331 327 orationis
2364 292 2474 326 ver-

467 360 713 423 oninique
742 370 978 410 numeros
1009 356 1349 422 eomplexam,
1395 353 1577 405 desinit
1619 355 1675 408 iu
1720 361 2027 423 geometrica
2076 368 2127 409 et
2170 361 2477 429 astrologia:

469 441 526 491 in
548 441 626 490 eis>
656 448 822 494 autem
855 438 1124 506 diseiplinis
1155 438 1391 518 omnibus
1423 452 1623 503 regnare
1655 456 1889 493 numeros
1923 440 2059 492 dicit.

1397 634 1450 714 §.
1492 642 1544 700 2.

673 793 716 834 1.
783 787 913 836 Vltra
963 795 1127 835 amem
1181 785 1433 849 Augustini
1464 793 1694 849 tempora
1729 803 1873 834 nemo
1920 786 2061 852 quod
2101 789 2313 836 sciamus
2359 806 2478 852 pro-

467 879 762 938 gressus·e'st
789 867 1137 932 anquireudo,
1172 867 1221 918 siv
1245 867 1372 913 sorte
1406 867 1605 931 vestigia
1651 867 1870 935 indagari
1915 880 2116 932 possent
2156 872 2335 918 artium
2372 872 2478 919 ina-

469 968 578 999 rum
615 951 889 997 liberalium
923 949 1179 997 communi
1222 949 1468 997 societatis
1511 949 1706 997 vinculo
1753 949 1848 996 iam
1891 953 2235 1001 vetustioribus
2275 954 2479 1001 saeculis

470 1035 861 1083 coniunctamm.
929 1034 1049 1083 Nam
1084 1032 1447 1095 Quintilianum
1483 1042 1676 1082 constat
1710 1049 1825 1080 sane
1871 1033 2186 1083 institutionis
2232 1038 2479 1084 oratoriae

473 1119 556 1167 lib.
593 1118 629 1183 Ι,
665 1135 706 1167 c.
749 1122 808 1166 10
851 1117 1055 1166 strictim
1100 1117 1331 1182 persequi
1376 1115 1545 1167 orbem
1592 1116 1730 1165 illum
1778 1116 2071 1180 doctrinae,
2105 1135 2250 1186 quam
2288 1119 2481 1170 Graeci

473 1203 722 1265 ἐγκύκλιον
758 1197 990 1248 παιδείαν
1021 1211 1219 1260 vocant,
1257 1199 1410 1265 idque
1442 1200 1510 1249 ita
1539 1200 1793 1249 instituere
1827 1210 1883 1249 ut
1910 1205 2311 1268 grssfflfflffligem
2351 1220 2480 1269 quae

473 1286 817 1350 complectitur
851 1284 996 1332 etiam
1032 1286 1399 1332 enarrationem
1435 1284 1762 1333 historiarum
1809 1284 1869 1347 (Ι,
1902 1270 2098 1346 9318),
2132 1287 2339 1350 excipiat
2372 1305 2479 1336 mu-

472 1372 575 1416 sice
609 1377 659 1415 et
690 1370 979 1435 geometria,
1014 1367 1137 1414 haec
1171 1376 1333 1414 autem
1372 1367 1586 1431 primum
1624 1366 1798 1415 divisa
1821 1383 1923 1414 esse
1955 1369 2007 1415 in
2036 1385 2268 1418 numeros
2291 1381 2339 1418 et
2356 1375 2480 1430 for-

472 1467 578 1500 mas
614 1451 665 1512 (Ι,
690 1456 771 1513 10,
792 1454 890 1513 35),
925 1450 1090 1515 paullo
1125 1459 1288 1497 autem
1324 1458 1438 1514 post
1469 1452 1527 1510 (§.
1547 1446 1635 1509 46)
1665 1467 1720 1499 se
1749 1450 1923 1499 tollere
1950 1450 2022 1499 a‘d
2050 1454 2291 1501 rationem
2329 1470 2481 1521 usque

473 1532 649 1582 mundi
682 1532 892 1581 dicatur:
941 1550 1155 1598 quorum
1199 1541 1404 1597 apparet
1436 1533 1564 1581 hanc
1605 1533 1704 1580 vim
1742 1546 1875 1596 esse›‚'
1908 1543 1963 1581 ut
2006 1535 2152 1582 unius
2194 1534 2482 1600 disciplinae

477 1627 525 1665 et
573 1617 777 1665 nomine
830 1626 880 1665 et
926 1617 1116 1665 ambitu
1172 1615 1659 1680 comprehendantur
1713 1616 2056 1681 arithmetica,
2093 1619 2375 1683 vgeometria
2433 1629 2481 1666 et

475 1701 776 1748 astronomia
824 1701 944 1760 (sive
988 1709 1041 1748 ut
1090 1701 1194 1764 ipse
1238 1700 1306 1748 ait
1352 1699 1419 1762 ss,
1457 1703 1540 1762 18,
1578 1706 1630 1763 1,
1676 1700 2004 1766 astrologia):
2052 1700 2480 1764 quemadmodum

476 1785 621 1832 etiam
657 1782 975 1832 Cassiodorus
1006 1784 1187 1834 Variar.
1223 1783 1302 1847 ΙΙΙ,
1338 1788 1402 1833 52
1439 1782 1500 1832 de
1538 1786 1815 1851 geometria
1849 1784 2071 1849 loquitur
2121 1793 2262 1852 quae*
2294 1795 2484 1835 tantum

474 1868 539 1916 de
573 1867 867 1918 caelestibus
902 1867 1135 1934 disputet.
1205 1864 1303 1916 Sed
1330 1862 1504 1916 tamen
1540 1868 1617 1916 his
1658 1867 1916 1916 fatendum
1966 1878 2036 1916 est
2084 1877 2133 1915 et
2177 1866 2482 1915 dialecticam

474 1954 865 2017 praetermissam
915 1969 1019 2002 esse
1065 1949 1323 2016 (nam‘in-
1353 1954 1594 2002 rhetorica
1645 1953 1850 2018 quidem
1902 1951 2189 2017 explicanda
2235 1959 2365 2000 totus
2415 1961 2485 1998 est

475 2037 725 2101 scriptor),
762 2054 854 2084 nec
888 2037 964 2083 vel
1004 2036 1282 2102 singillatim
1319 2035 1546 2083 discretas
1578 2037 1654 2083 vel
1691 2047 1825 2083 certo
1859 2053 2067 2083 numero
2103 2032 2328 2081 definitas
2368 2034 2485 2080 reli-

477 2137 615 2183 quas.
685 2120 1006 2184 Idemquein
1045 2120 1343 2167 Graecorum
1381 2137 1466 2166 eos
1497 2121 1825 2184 philosophos
1863 2119 2019 2180 cadit,
2054 2119 2141 2182 qui
2187 2118 2249 2164 de
2300 2118 2485 2163 artibus

475 2202 775 2263 liberalibus,
808 2201 952 2250 utiles
985 2217 1047 2250 an
1084 2201 1279 2250 inutiles
1310 2210 1469 2250 essent
1503 2210 1549 2250 et
1584 2217 1612 2250 a
1646 2201 1966 2266 philosophia
1999 2198 2341 2266 segregandae,
2377 2216 2485 2248 ma-

474 2302 568 2349 gna
614 2302 758 2350 saepe
803 2302 914 2332 cum
962 2285 1284 2333 contentione
1342 2285 1677 2350 quaesierunt:
1726 2303 1753 2333 e
1806 2298 2020 2350 quorum
2068 2283 2486 2350 disputationibus

476 2363 743 2433 quaeunt&
757 2377 1117 2435 cognoscantur
1149 2369 1378 2432 ἐγκύκλια
1412 2370 1695 2431 μαθήματα
1725 2370 1797 2415 vel
1834 2365 2177 2430 παιδεύματα,
2213 2369 2297 2413 hic
2332 2383 2489 2431 expo-

477 2467 595 2497 nere
625 2452 827 2517 longum
865 2460 961 2498 est:
997 2467 1163 2518 neque
1198 2452 1328 2498 enim
1373 2452 1429 2499 id
1477 2453 1662 2518 agimus
1702 2461 1759 2498 ut
1808 2453 2076 2498 litterarum
2121 2451 2256 2516 apud
2301 2459 2490 2496 veteres

476 2534 730 2581 historiam
768 2543 1094 2599 pertexamuS,
1130 2544 1179 2583 et
1215 2536 1330 2583 satis
1350 2537 1547 2583 'in'hoc
1580 2552 1760 2600 genere
1794 2535 2085 2597 Wowerius,
2119 2536 2336 2597 Vossius,
2370 2535 2490 2580 Mei-

478 2617 681 2679 nen-sius,
718 2617 798 2664 alii
836 2618 1165 2667 elaborarunt.
1236 2618 1273 2667 E
1301 2619 1540 2669 ‘Romanis
1582 2627 1747 2667 autem
1782 2617 2076 2666 hominibus
2117 2617 2387 2683 aliquanto·
2412 2602 2490 2665 dis-

476 2700 728 2766 ligentius,
758 2714 908 2766 quam
942 2700 1306 2766 Quintilianus,
1340 2699 1550 2769 singulas
1584 2700 2217 2773 “tEth-Sfiffi.„‚{ni{}9¹²
2251 2702 2345 2763 88,
2393 2714 2491 2764 qua

474 2781 540 2829 de
565 2782 857 2833 liberalibus
889 2783 1075 2835 studiis
1109 2784 1354 2835 disserens
1384 2785 1540 2848 (unde
1574 2785 1786 2847 factum,
1821 2794 1887 2833 ut‘
1911 2786 1964 2833 in
2003 2784 2301 2851 quibusdam
2340 2782 2490 2831 codd.

477 2874 526 2913 et
542 2875 794 2918 '‘seomnm
842 2868 1079 2918 collocata
1126 2878 1176 2918 et
1217 2869 1283 2920 de
1325 2882 1508 2937 septem
1551 2868 1845 2923 liberalibus
1886 2867 2086 2921 artibus
2130 2868 2363 2933 inscripta
2409 2867 2490 2925 sit)
