2882 3343
1291 128 1689 182 ...[5-

436 326 439 330 .
484 271 771 337 complen-
804 284 925 331 esse,
959 283 1086 333 quae
1114 267 1192 333 ad*
1212 280 1367 334 genus
1396 268 1677 316 universum
1699 275 1991 331 spectarent,
2024 269 2260 322 videatur.
2331 271 2490 335 Quale

483 352 627 408 ittufl-
647 361 723 400 est
768 349 903 416 apud
944 349 1298 400 Cassiodorum
1331 351 1524 414 p-‚25‘28
1554 350 1611 398 b:
1647 351 1786 402 >scire
1830 360 1994 399 autem
2042 351 2275 406 debemus
2292 393 2309 419 ,
2357 359 2491 407 stcut

488 433 666 483 Varro
698 433 838 490 dicit,
872 434 1105 484 utilitatis
1134 429 1352 488 alicuius
1385 447 1563 480 caussa
1591 435 1808 482 omnium
1842 436 2027 482 artium
2062 439 2317 488 exstitisse
2345 443 2488 506 prin-

484 520 643 581 cipia.-
674 526 724 564 et
757 516 890 565 haud
927 517 1080 566 dubie
1113 517 1208 563 alia
1240 515 1496 578 complura
1532 532 1634 562 non
1679 516 1936 563 nominato
1971 526 2172 565 auctore
2206 522 2282 567 vel
2311 539 2338 567 a
2374 522 2488 570 Cas-

483 599 688 648 siodoro
726 601 800 647 vel
837 602 899 648 ab
930 600 1121 650 Isidoro
1153 608 1303 662 atque
1339 599 1484 645 etiam
1521 614 1548 644 a
1581 598 1825 645 Marciano
1865 598 2058 663 Capella
2095 604 2332 665 exposita,
2366 621 2488 667 qua·—

484 684 545 731 lia
581 692 753 745 tamen
780 693 835 732 ut
875 683 926 732 in
962 682 1245 732 coniectura
1278 681 1439 746 posita
1475 681 1524 728 in
1556 683 1799 746 praesenti
1833 686 2271 747 praetermittimus
2304 688 2488 734 omnia.

1421 877 1471 954 ς.
1515 887 1564 939 3.

689 1031 730 1073 1.
793 1024 1108 1088 Singulorum
1143 1032 1306 1072 autem
1340 1023 1578 1070 librorum
1612 1034 1897 1088 argumenta
1923 1026 2261 1090 indagantibus
2291 1040 2488 1094 praesto

485 1110 609 1157 haec
644 1117 756 1156 sunt
788 1107 967 1171 partim
1003 1115 1171 1170 aperta
1204 1105 1488 1153 testimonia
1529 1106 1705 1169 partim
1747 1125 1846 1155 non
1882 1108 2109 1171 ambigua
2145 1111 2365 1175 vestigia,
2402 1129 2493 1176 per

483 1192 657 1239 eadem
693 1192 774 1238 illa
808 1190 1119 1254 potissimum
1155 1189 1334 1253 Scripta
1366 1187 1500 1235 haud
1536 1206 1687 1251 parvo
1721 1208 1927 1238 numero
1954 1207 2132 1254 sparsa.
2204 1194 2269 1241 Ac
2298 1194 2359 1242 de
2382 1193 2491 1243 dia-

481 1276 653 1323 lectica
702 1283 750 1321 et
800 1274 1047 1320 rhetorica
1099 1274 1195 1319 iam
1249 1271 1461 1319 vidimus
1512 1281 1668 1318 antea.
1757 1274 1814 1319 Et
1865 1273 2236 1321 dialecticae
2287 1277 2489 1340 quidem

483 1367 734 1406 auctorem
768 1360 1036 1406 Varronem
1075 1366 1245 1420 aperto
1283 1365 1567 1420 opertorum
1617 1358 1881 1404 verborum
1933 1357 2139 1404 artificio
2188 1360 2332 1405 etiam
2363 1360 2490 1406 Mar-

483 1442 651 1490 cianus
690 1441 765 1503 lv,
799 1456 847 1504 p.
884 1440 949 1488 96
986 1438 1063 1487 ed.
1101 1439 1223 1487 Grot
1275 1438 1524 1503 prodidit,
1562 1439 1694 1487 illam
1743 1441 1897 1504 ipsam
1944 1440 2274 1505 prodeuntem
2311 1442 2489 1490 faciens

484 1534 533 1573 et
562 1525 632 1573 sic
668 1523 1031 1573 exordientem:
1076 1523 1156 1572 Ni
1188 1523 1446 1572 Varronis
1481 1525 1576 1571 mei
1605 1526 1737 1573 inter
1772 1524 1991 1572 Latiales
2025 1524 2220 1590 glorias
2256 1525 2491 1574 celebrati

483 1608 609 1656 mihi
640 1606 860 1656 eruditio
900 1606 1248 1674 industriaque
1281 1617 1586 1672 suppeteret,
1618 1623 1816 1672 possem
1834 1607 2041 1673 femina
2078 1606 2298 1657 Doricae
2332 1613 2491 1657 natio-

481 1693 565 1738 nis
598 1689 737 1755 apud
769 1688 1042 1737 Romuleae
1069 1692 1215 1738 vocis
1245 1692 1483 1737 examina
1511 1700 1597 1736 aut
1630 1689 1901 1736 admodum
1939 1690 2083 1737 rudis
2110 1703 2199 1738 aut
2217 1694 2343 1739 satis
2379 1691 2490 1738 bar-

481 1772 605 1820 bara
639 1774 864 1837 reperiri.
908 1774 1091 1839 quippe
1118 1783 1234 1836 post
1268 1772 1497 1821 Platonis
1536 1789 1743 1820 aureum
1766 1772 1964 1837 flumen
2008 1784 2157 1840 atque
2199 1772 2489 1822 Aristoteli-

480 1871 587 1903 cam
609 1854 912 1914 facultatem
952 1855 1023 1902 M.
1070 1855 1291 1903 Terentii
1317 1858 1484 1920 prima
1518 1870 1592 1902 me
1627 1858 1679 1902 in
1711 1855 1921 1903 latinam
1956 1872 2129 1904 vocem
2162 1855 2375 1921 pellexit
2410 1858 2487 1902 in-

479 1937 678 1987 dustria
710 1954 772 1986 ac
789 1936 954 1996 fandi
975 1937 1357 2003 possibilitatem
1386 1954 1481 2002 per
1509 1938 1710 1986 scholas
1731 1938 1992 1986 Ausonias
2015 1942 2341 2003 comparavit.
2414 1938 2484 1984 Ad

480 2038 591 2067 eum
641 2020 703 2067 de
741 2020 995 2068 dialectica
1039 2022 1220 2068 librum
1269 2022 1481 2084 pertinet
1525 2021 1723 2067 fortasse
1767 2020 1906 2067 Gellii
1955 2021 2198 2084 quaedam
2245 2023 2482 2068 memoria

479 2103 595 2164 XVI,
626 2105 681 2150 8:
728 2119 837 2150 cum
873 2106 926 2150 in
959 2102 1256 2168 disciplinas
1290 2103 1579 2152 dialecticas
1627 2103 1803 2151 induci
1841 2115 1990 2166 atque
2035 2103 2190 2151 imbui
2227 2103 2484 2164 vellemus,

478 2200 709 2234 necessus
728 2187 843 2246 fuit
875 2184 1022 2233 adire
1052 2196 1201 2253 atque
1236 2202 1535 2253 cognoscere
1552 2202 1680 2252 quas
1709 2196 1901 2233 vocant
1919 2184 2173 2233 dialectici
2201 2186 2482 2246 εἰσαγωγάς.

478 2277 596 2330 tum,
630 2270 750 2334 quia
785 2270 837 2316 in
864 2270 1031 2334 primo
1068 2267 1176 2333 περὶ
1211 2266 1495 2331 ἀξιωμάτων
1529 2267 1838 2326 descendum,
1874 2285 2002 2336 quae
2037 2267 2318 2336 MuVm'P
2353 2268 2484 2315 alias

473 2354 711 2414 profata,
743 2351 874 2400 alias
902 2352 1171 2419 proloquia
1204 2353 1422 2419 appellat
1456 2370 1496 2399 e.
1524 2370 1572 2416 q.
1609 2369 1647 2399 s.
1717 2352 1996 2415 Proloquia
2031 2352 2114 2398 ubi
2150 2335 2484 2415 appellaverit,

478 2434 582 2495 ipse
608 2434 773 2497 paullo
812 2444 925 2498 post
958 2452 1047 2483 nos
1086 2436 1319 2483 certiores
1356 2434 1469 2483 fecit
1504 2434 1714 2496 Gellius,
1749 2435 1801 2482 in
1842 2434 1970 2481 libro
2018 2433 2080 2480 de
2132 2433 2299 2500 lingua
2334 2433 2483 2480 latina

478 2514 540 2562 ad
578 2513 867 2564 Ciceronem
905 2528 1081 2581 quarto
1114 2529 1163 2567 et
1196 2519 1456 2581 vicesimo,
1493 2517 1623 2565 unde
1659 2518 1709 2565 in
1750 2525 1986 2581 promptu
2022 2524 2093 2562 est
2128 2531 2186 2562 ex
2229 2516 2339 2580 ipso
2376 2516 2510 2576 dia-¹

477 2598 674 2646 lecticae
709 2599 837 2646 libro
874 2601 1081 2648 alterum
1117 2618 1302 2649 nomen
1326 2605 1562 2667 praefata
1596 2608 1834 2663 repetere.

680 2684 726 2728 2.
799 2680 872 2728 Ad
915 2683 1305 2748 rhetoricam
1353 2692 1514 2731 autem
1562 2680 1776 2729 dubitari
1824 2688 1990 2744 potest
2043 2697 2162 2728 num
2209 2681 2485 2730 Priscianus
2567 2748 2572 2749 ⁷

475 2773 662 2827 spectet
696 2765 780 2812 lib.
816 2764 876 2811 lX
925 2783 975 2828 p.
998 2755 1099 2814 872
1120 2768 1171 2813 P.
1205 2764 1325 2825 (468
1361 2767 1481 2822 Kr.):
1526 2763 1699 2812 Varro
1734 2774 1899 2812 tamen
1932 2766 2083 2814 etiam
2114 2763 2340 2813 adolui
2363 2780 2485 2838 pro-

476 2846 593 2895 tulit
644 2851 698 2897 in
747 2866 826 2921 ru.
862 2846 1302 2917 vBheto'ra-„isogtfizf(333-
1361 2858 1662 2914 „postquam
1714 2844 1968 2896 adoluerit
2028 2847 2154 2896 haec
2204 2844 2486 2896 iuventus‘fi

2615 2453 2643 2471 (l
