2882 3343
1298 271 1376 279 -
1464 236 1533 290 14
1617 269 1696 279 ..-

1402 394 1558 473 §.a

685 549 726 593 1.
798 545 996 609 Septem
1030 543 1402 607 disciplinarum
1440 543 1625 591 indicia
1659 543 1901 608 persecuti
1937 560 2127 594 sumus:
2163 557 2348 597 restant
2372 550 2498 598 duae

480 644 611 692 quae
659 628 710 674 in
756 635 943 690 septem
990 626 1168 673 artium
1218 628 1394 674 orbem
1440 628 1635 674 novicia
1685 626 2040 675 consuetudine
2089 629 2340 679 finitarum
2394 651 2498 681 non

479 721 594 759 sunt
627 718 868 773 receptae.
922 709 1100 756 Earum
1132 726 1282 756 unam
1319 709 1463 755 fuisse
1499 709 1969 757 architecturam
2006 712 2154 775 (quae
2185 711 2493 771 Quintiliano

478 795 534 857 ll,
567 798 648 856 21,
682 796 713 841 8
751 802 823 840 est
852 792 1260 850 architectonice)
1296 790 1541 840 Vitruvius
1574 800 1793 839 testatur.
1867 792 2015 841 Cuius
2057 794 2312 859 scriptoris
2357 798 2499 861 quod

476 877 641 923 multis
678 877 799 924 locis
834 877 1071 940 impressa
1103 876 1396 923 Varroniani
1431 876 1674 922 sermonis
1710 884 1758 922 et
1792 876 1976 940 ingenii
2012 878 2212 941 vestigia
2242 879 2497 943 agnovisse

474 959 570 1005 sibi
606 959 734 1006 visus
770 966 843 1005 est
883 958 1217 1009 Schneiderus
1264 975 1379 1006 ann.
1420 959 1473 1006 in
1516 958 1609 1006 Vll.
1651 959 1834 1023 praefi,
1873 958 1926 1006 id
1971 960 2059 1006 etsi
2096 977 2200 1007 non
2244 963 2497 1025 potuimus

477 1039 645 1088 dedita
681 1057 835 1104 opera
872 1041 1018 1105 quale
1053 1042 1115 1089 sit
1150 1042 1431 1105 inquirere,
1479 1050 1646 1089 tamen
1682 1042 1892 1090 multum
1932 1057 2161 1090 veremur
2205 1059 2268 1090 ne
2294 1044 2496 1092 'leviore

475 1123 799 1170 similitudine
831 1132 881 1169 et
924 1140 1052 1188 quae
1087 1125 1231 1189 longe
1279 1125 1393 1169 alias
1424 1140 1614 1169 caussas
1658 1124 1905 1188 aliamque
1952 1124 2051 1169 vim
2096 1124 2304 1188 habeat,
2345 1143 2495 1190 quam

474 1222 589 1253 vera
619 1205 856 1254 affinitate
894 1206 1089 1252 nitatur.

678 1293 726 1335 2.
809 1289 1000 1336 Nonam
1049 1297 1215 1335 autem
1266 1287 1580 1351 disciplinam
1633 1304 1784 1350 quam
1831 1288 2116 1351 putabimus
2165 1291 2304 1337 esse?
2387 1291 2496 1340 Non

477 1371 629 1418 mirer
674 1371 713 1417 si
755 1371 866 1435 quis
901 1370 964 1418 de
1016 1371 1121 1435 ipsa
1163 1371 1492 1436 philosophia
1537 1371 1719 1434 cogitet
1764 1379 1928 1418 motus
1973 1371 2225 1435 Augustini
2268 1375 2493 1438 exemplo

475 1458 529 1509 (§.
574 1457 648 1515 1),
690 1453 825 1518 apud
862 1472 1013 1518 quem
1051 1471 1276 1518 magnam
1314 1453 1458 1501 fuisse
1493 1453 1726 1502 Varronis
1773 1453 2114 1501 auctoritatem
2161 1463 2367 1503 constat.
2438 1457 2495 1504 Et

474 1538 724 1601 scripsisse
764 1554 880 1584 sane
914 1539 1185 1586 Varronem
1236 1536 1420 1585 llbrum
1468 1536 1533 1585 de
1573 1536 1902 1602 philosophia
1952 1544 2085 1583 extra
2131 1536 2493 1586 dubitationem

476 1621 694 1685 positum
734 1630 833 1667 est:
872 1637 899 1667 e
935 1638 1036 1686 quo
1076 1621 1296 1685 amplum
1332 1620 1488 1685 idque
1522 1621 1636 1667 satis
1672 1620 1997 1667 memorabile
2038 1620 2364 1684 fragmentum
2411 1639 2495 1668 ex-

475 1713 570 1750 stat
604 1705 689 1750 lib.
726 1703 832 1750 XlX
866 1703 930 1751 de
966 1706 1096 1752 civit.
1135 1705 1216 1752 dei
1253 1721 1293 1753 c.
1334 1711 1377 1752 1.
1416 1709 1446 1751 2
1485 1714 1533 1751 et
1565 1708 1611 1752 3.
1683 1705 1813 1750 Inter
1849 1720 1999 1767 quem
2031 1704 2211 1751 librum
2246 1704 2496 1752 eiusdem-

436 1803 575 1850 Jque
612 1787 845 1834 Varronis
892 1787 957 1836 de
994 1789 1185 1855 fogmq
1209 1787 1568 1854 philosopIzIae
1614 1787 1908 1846 secundum,
1956 1804 1983 1834 e
2030 1804 2132 1851 quo
2179 1785 2425 1835 Charisius
2459 1788 2495 1850 I,

448 1878 523 1932 p.
562 1870 626 1914 79
662 1873 921 1934 capparim
943 1860 1202 1930 feint’nino
1236 1888 1421 1936 genere
1466 1871 1632 1931 affert,
1677 1872 2033 1933 perobscurum
2081 1878 2153 1915 est
2198 1887 2326 1933 quae
2369 1873 2494 1917 ratio

473 1954 817 2001 intercesserit.
896 1954 1191 2001 Schneideri
1239 1955 1371 2001 enim
1419 1970 1601 2001 comm.
1650 1953 1712 2000 de
1747 1954 1831 2000 vit.
1866 1962 1915 2000 et
1944 1969 2034 2001 scr.
2074 1969 2123 2017 p.
2161 1956 2262 2001 232
2296 1963 2496 2000 senten-

471 2035 587 2096 tiae,
623 2035 686 2082 de
722 2036 879 2083 forma
914 2036 1264 2100 philosophiae
1299 2037 1445 2083 fuisse
1473 2034 1745 2083 secundum
1781 2036 2023 2082 librorum
2061 2034 2124 2082 de
2157 2034 2496 2099 philosophia,

472 2116 720 2182 diligentis
758 2119 808 2166 in
845 2120 943 2167 hoc
978 2136 1158 2184 genere
1195 2120 1358 2168 obstat
1388 2118 1640 2183 Augustini
1677 2120 1958 2181 auctoritas,
1993 2118 2080 2182 qui
2109 2117 2172 2165 de
2207 2118 2354 2179 libro,
2391 2134 2495 2165 non

473 2196 536 2242 de
572 2198 709 2244 libris
745 2199 981 2261 loquitur.
1033 2199 1100 2245 Cf.
1136 2200 1259 2247 infra
1286 2205 1326 2254 §.
1351 2206 1428 2247 11.
1470 2231 1532 2238 —-
1567 2204 1773 2250 Prorsus
1808 2211 1972 2249 autem
2007 2202 2126 2247 hinc
2155 2202 2368 2247 alienum
2391 2216 2507 2246 esse.

473 2288 678 2344 apparet
720 2296 747 2327 a
789 2281 948 2329 Nonio
995 2299 1043 2347 p.
1086 2286 1197 2332 171.
1239 2283 1350 2332 192.
1389 2285 1487 2332 316
1535 2284 1787 2349 proditum
1834 2285 2031 2333 titulum
2074 2282 2250 2333 Varro
2284 2282 2495 2349 Periplu

469 2361 554 2411 lib.
592 2363 660 2411 II.
698 2362 807 2428 περὶ
843 2365 1159 2429 φιλοσοφίας
1195 2369 1280 2423 (sic
1315 2369 1447 2415 enim
1482 2369 1672 2433 ubique
1707 2368 2069 2425 scribendum):
2106 2385 2258 2432 quam
2292 2367 2492 2414 satiram

473 2463 576 2494 esse
612 2464 725 2494 cum
766 2465 792 2494 e
831 2448 1017 2513 duplici
1056 2451 1377 2515 inscriptione
1414 2461 1520 2499 tum
1558 2469 1585 2499 e
1619 2469 1794 2515 graeco
1832 2451 1998 2500 indice
2033 2461 2138 2498 tum
2176 2467 2233 2497 ex
2268 2449 2494 2497 immistis

472 2531 721 2577 versiculis
751 2541 1070 2595 perspectum
1107 2543 1192 2580 est.
1217 2534 1262 2592 ⁴¹)
1336 2535 1505 2583 Potuit
1539 2544 1703 2583 autem
1750 2535 1974 2598 Periplus
2016 2534 2126 2595 ille,
2168 2542 2224 2581 ut
2267 2532 2491 2596 exemplo

544 2741 595 2792 st)
622 2739 723 2782 Vide
751 2740 967 2785 Oehlerum
989 2743 1104 2785 Varr.
1127 2744 1208 2786 Sat.
1233 2758 1268 2799 p.
1287 2745 1355 2798 61,
1387 2757 1577 2787 versuum
1599 2749 1733 2787 tamen
1754 2746 1937 2787 fictorem
1958 2755 2040 2786 non
2065 2744 2276 2785 victorem.
2324 2739 2491 2782 Scribe:

909 2813 972 2855 Ac
997 2816 1125 2857 multa
1155 2816 1366 2860 ambrosia
1393 2831 1445 2860 αο
1472 2822 1638 2871 nectar,
1668 2830 1751 2859 non
1780 2818 1904 2869 all-ia,
1932 2815 2100 2866 sardae,

910 2885 1064 2939 Panis,
1094 2891 1266 2940 πέμμα,
1301 2891 1468 2942 lucuns,
1500 2890 1607 2932 cibu'
1638 2891 1708 2944 qui
1732 2889 1976 2944 purissimu’
2009 2887 2134 2928 multo
2163 2888 2238 2925 est.
2267 2908 2323 2916 —

638 2957 828 2998 Ceterum
859 2968 962 2998 unus
996 2964 1059 2999 est
1089 2960 1269 3002 Graecus
1300 2963 1425 3004 index
1456 2964 1548 3005 libri
1568 2964 1829 3013 vintoniam,
1861 2972 1940 3016 quo
1970 2959 2065 3013 quid
2093 2957 2161 2999 fiat
2191 2957 2353 2999 difficile
2375 2955 2488 2998 dictu
