2882 3343
1219 192 1701 254 -48-,

399 332 565 381 dentia
592 331 965 380 tribueret-nee
998 317 1138 394 haec,
1171 333 1221 379 in
1256 330 1374 378 Aen.
1409 330 1508 393 Vll,
1547 332 1670 380 563:
1701 329 1962 382 sciendum·
1980 346 2103 384 sane
2128 329 2184 379 V
2182 345 2415 380 arnonem

398 432 693 466 enumerare
727 426 857 484 quot
885 415 998 465 loca
1031 418 1083 464 in
1113 413 1266 463 Italia
1297 415 1401 463 sint
1436 411 1731 464 huiusmodi
1745 432 1759 460 .·
1794 414 1889 463 nee
1923 425 2058 479 qnae
2078 412 2152 463 ‘de
2186 414 2328 464 Baiis
2363 413 2413 461 in

396 499 476 561 IX,
511 503 630 561 710,
652 497 731 548 >de
767 499 924 549 Caere
951 496 1114 545 Schol.
1150 497 1331 544 Veron.
1369 496 1420 545 in
1453 495 1513 558 X,
1552 495 1668 545 1832
1704 501 1763 544 et*
1787 496 1990 561 siquae
2023 496 2225 546 suntid
2259 484 2413 562 genus

399 583 509 632 alia.
579 583 753 632 Paullo
786 579 1095 645 probabilior
1129 597 1229 641 res,
1262 578 1351 627 sed
1382 580 1579 643 paullo,
1613 579 1677 628 de
1712 578 1913 629 Gioeeio
1950 589 1999 627 et
2033 580 2202 647 Eryce
2235 575 2417 629 monti-

401 664 495 717 bus
530 664 662 731 apud
698 662 922 711 eundem>
948 664 999 711 in
1035 666 1155 711 Aen.
1179 662 1264 726 lll,
1294 664 1501 727 asa-V,
1527 661 1643 713 411.
1713 665 1973 713 Praeterea
1993 672 2122 711 <non
2157 673 2233 712 est:
2260 666 2415 730 negli-

401 750 633 816 gendum,
664 746 727 794 de
762 747 886 794 locis
922 763 1024 793 non
1063 748 1280 811 potuisse
1315 747 1524 794 omnino
1558 747 1710 794 taceri
1746 747 1797 795 in
1834 748 2047 796 eis‘Rer.
2085 746 2223 794 hum.
2260 747 2415 809 libris,

403 834 487 897 qui
523 840 663 881 erant
706 830 772 882 de
819 829 1107 878 hominibus
1154 831 1204 877 h.
1252 846 1292 878 e.
1342 830 1426 876 lib.
1465 830 1505 876 ll
1542 829 1605 877 ad
1638 829 1743 879 vu:
1776 846 1893 895 *quo
1940 844 2045 878 non
2091 829 2413 878 incommode

398 913 519 962 illud
554 914 714 979 ipsum
750 912 904 960 Servii
941 912 1006 961 de
1030 914 1266 962 -Oenocro
1302 927 1424 980 rege
1451 914 1791 961 testimonium
1825 912 2104 961 Krahnerus
2132 927 2183 978 p.
2213 915 2274 959 17
2312 920 2413 960 ret-

395 997 537 1058 tulit,
572 996 934 1043 minus-autem
980 996 1307 1061 probabiliter
1351 1011 1482 1061 quae
1527 995 1592 1045 de
1637 994 2043 1046 Massiliensibus
2085 993 2415 1062 erilinguibus

395 1078 609 1126 Isidorus
641 1077 740 1142 XV,
769 1083 815 1141 1,
845 1080 912 1129 63
949 1094 1063 1128 cum
1098 1079 1252 1127 schol.
1290 1078 1468 1128 Lucan.
1504 1078 1582 1142 lll,
1616 1079 1716 1128 339
1751 1079 2008 1144 e'xcerpsit.
2078 1076 2260 1126 Contra
2297 1091 2413 1143 per·

394 1162 519 1210 tinet
546 1161 649 1209 huc
683 1161 988 1227 praeclarum
1025 1162 1261 1209 Macrobii
1297 1161 1397 1208 Sat.
1434 1162 1469 1223 l,
1507 1165 1535 1209 7
1573 1160 1703 1221 (coll.
1737 1161 1953 1210 Lactant-
1993 1161 2099 1210 Div.
2137 1162 2246 1209 inst.
2274 1160 2411 1224 l‚‘.‘1)

391 1245 721 1309 fragmentum
758 1243 820 1292 de
855 1244 1090 1310 Pelasgis
1125 1247 1178 1292 in
1210 1244 1407 1294 Latium
1443 1243 1700 1307 advecti53
1723 1245 1987 1309 ‘pertinent
2027 1244 2229 1293 fortasse
2264 1244 2410 1293 etiam

391 1344 520 1392 quae
556 1327 622 1376 de
640 1328 812 1376 Phoco
834 1326 1072 1377 Corsicae
1103 1339 1151 1377 et
1182 1326 1458 1377 Sardiniae*
1484 1344 1605 1395 rege
1638 1327 1833 1376 Servius
1866 1327 1919 1376 in
1955 1329 2074 1375 Aen.
2104 1329 2160 1390 V,
2195 1325 2312 1390 824,
2347 1326 2411 1377 de

388 1411 557 1459 Aeolo
578 1427 703 1477 rege
739 1410 870 1459 idem
904 1412 955 1458 in
995 1412 1026 1472 l,
1063 1415 1126 1458 52
1165 1412 1285 1466 (coll.
1315 1411 1487 1459 lsidor.
1508 1411 1625 1473 xlv,
1646 1413 1696 1473 6,
1713 1411 1798 1468 36)
1833 1427 1859 1457 e
1878 1413 2097 1459 Varrone
2125 1410 2291 1473 tradit,
2318 1411 2409 1458 nisi

394 1492 611 1543 Aeolias
648 1493 841 1544 insulas
876 1493 1101 1540 maluisse
1138 1510 1249 1541 eum
1287 1494 1338 1541 in
1375 1494 1496 1542 locis
1531 1509 1926 1541 commemorare
1962 1493 2257 1558 putabimus.
2313 1493 2412 1541 De-

392 1577 548 1642 nique
585 1592 650 1623 ne
683 1575 755 1625 de
783 1574 1090 1643 temporibus
1126 1575 1331 1641 quidem
1370 1576 1656 1643 disputans,
1691 1575 1742 1625 id
1775 1575 1915 1642 quod
1960 1576 2074 1625 fecit
2120 1592 2147 1624 a
2192 1575 2296 1623 xlv
2347 1576 2411 1625 ad

391 1659 496 1705 XlX
534 1660 745 1721 librum,
780 1672 872 1706 nec
907 1662 959 1706 in
997 1668 1234 1723 quattuor
1267 1660 1332 1709 de
1366 1670 1515 1727 gente
1543 1660 1722 1726 populi
1754 1658 1975 1707 Romani
2006 1659 2143 1706 libris
2180 1674 2282 1706 non
2316 1674 2412 1723 po-

393 1741 489 1788 tuit
523 1742 700 1789 similia
737 1740 982 1806 quaedam
1024 1743 1277 1807 attingere.
1315 1769 1375 1779 —-
1431 1745 1510 1792 His
1550 1745 1704 1809 igitur
1742 1745 1975 1792 omnibus
2017 1753 2070 1792 ut
2114 1744 2190 1791 vel
2241 1744 2412 1791 alienis

394 1825 467 1873 vel
505 1825 748 1889 ambiguis
783 1825 902 1873 hinc
937 1826 1135 1874 seclusis
1172 1843 1418 1892 perpauca
1455 1826 2031 1893 restant‘geographiea‚
2068 1843 2196 1892 quac
2227 1825 2414 1876 Plinia-

396 1908 473 1957 nis
509 1925 657 1973 supra
693 1909 984 1972 compositis
1015 1910 1185 1975 aliquo
1219 1912 1326 1960 iure
1361 1910 1478 1960 addi
1513 1895 1794 1960 videantur:
1828 1910 1960 1960 velut
1978 1909 2117 1975 quod
2138 1910 2414 1959 Lactantius

395 1992 562 2056 posuit
593 1991 694 2039 Div.
734 1992 844 2040 inst.
889 1996 926 2055 1,
966 1997 1048 2040 17:
1103 1993 1320 2043 Insulam
1355 1992 1555 2044 Samum
1589 1994 1768 2045 scribit
1805 1993 1982 2043 Varro
2011 1993 2414 2061 prius'Patthe-

393 2078 527 2123 niam
560 2077 891 2132 nominatam,
925 2076 1066 2144 quod
1101 2075 1174 2125 ibi
1205 2077 1335 2126 Iuno
1368 2077 1656 2128 adoleverit
1689 2077 1857 2146 ibique
1889 2082 2035 2127 eciam
2072 2077 2130 2126 Io
2140 2079 2193 2126 υἰ
2231 2092 2414 2142 nupse-

394 2160 475 2205 rit.
550 2156 815 2221 Aliquanto
853 2158 1089 2206 incertior
1123 2176 1197 2206 res
1239 2160 1304 2210 de
1341 2160 1504 2230 Libya
1538 2161 1778 2227 λειποόσῃ
1815 2163 1910 2207 τοῦ
1938 2157 2041 2207 ὕειν
2077 2176 2154 2224 ap.
2191 2160 2322 2209 Serv.
2361 2160 2414 2207 in

395 2242 512 2287 Aen.
550 2239 586 2301 l,
622 2243 704 2287 22.
777 2239 873 2290 Sed
908 2240 971 2288 de
1007 2242 1085 2289 his
1119 2244 1246 2291 satis.
1455 2239 1459 2245 ⁴

1310 2430 1362 2510 ς.
1405 2438 1500 2494 20.

600 2575 917 2623 Geometriae
951 2578 1089 2624 notio
1127 2577 1554 2643 quemadmodum
1591 2594 1689 2625 una
1726 2593 1783 2625 ex
1816 2585 1952 2643 parte
1983 2576 2227 2624 inaeterrae
2262 2576 2415 2623 ratio-

397 2671 485 2703 nes
517 2658 867 2722 geographicas
901 2660 1078 2725 patuit,
1109 2660 1176 2708 ita
1210 2659 1383 2709 eadem
1416 2659 1482 2709 ad
1517 2659 1777 2723 mundum,
1810 2660 2020 2723 caelum,
2052 2658 2214 2708 sidera
2244 2658 2415 2706 tralata

391 2739 570 2804 genuit
605 2754 663 2786 ex
695 2755 746 2787 se
783 2744 1136 2792 astronomiam
1173 2745 1247 2791 vel
1288 2753 1343 2793 ut
1374 2744 1580 2793 Varroni
1610 2744 1853 2809 appellata
1888 2751 1960 2791 est
1993 2740 2416 2804 astrologiam.

394 2820 544 2870 Cui'us
579 2821 755 2869 similis
791 2837 903 2870 cum
939 2827 1125 2875 musica
1153 2826 1405 2890 condicio,
1437 2826 1596 2893 quod,
1632 2841 1920 2893 quanquam
1954 2841 2068 2891 pars
2095 2821 2411 2888 geometriae,

392 2914 560 2954 tamen
595 2921 823 2954 seorsum
862 2915 934 2954 est
974 2917 1029 2956 ut
1067 2911 1328 2974 peculiaris
1373 2910 1633 2977 disciplina
1678 2918 1988 2976 pertractata.
2070 2906 2412 2956 Astronomiae
