2882 3343
1252 204 1646 260 -41—

442 345 567 396 forte
602 349 654 396 in
699 335 1251 412 Varronis-'gromaticis
1294 346 1430 394 locus
1477 345 1625 393 etiam
1673 343 1752 392 his
1779 343 1944 410 ¹fuerit
1979 344 2108 408 Orig.
2154 345 2250 407 XV,
2292 347 2368 399 13,
2403 347 2452 407 6,

442 434 572 497 quae
608 438 642 478 e'
670 426 913 478 Servianis
944 413 1201 496 iffiGeorg.
1232 415 1391 478 1⁷·init.
1428 427 1690 477 emendata
1725 421 2064 495 ascripsimus:
2099 433 2259 479 omnis
2280 432 2448 480 autem

327 522 367 544 Ι
439 520 589 581 ager,-
621 523 677 563 ιιι
714 511 775 561 V
769 515 890 561 arro
915 510 1110 572 docet,
1157 510 1534 580 quadrifariam
1576 511 1834 561 dividitur.
1881 512 2134 561 aut‘v'nim
2182 530 2338 562 arvus
2376 525 2451 563 est

439 599 569 664 ager
604 596 661 645 id
678 607 768 646 ‘est
802 596 1087 658 sationalis,
1121 606 1210 645 aut
1245 596 1513 644 consitivus
1547 595 1603 643 id
1637 607 1711 644 est
1743 607 1890 662 aptus
1923 593 2208 654 arboribus,
2244 607 2331 644 aut
2359 615 2448 662 pa-

439 693 592 730 scuus
619 683 710 749 qui
740 680 911 729 herbis
922 675 1123 728 stantum
1149 689 1198 728 et
1232 676 1534 739 animalibus
1566 689 1733 734 vacat,
1767 691 1853 727 aut
1869 678 2100 745 floridus
2134 682 2187 726 in
2214 695 2315 746 quo
2336 692 2450 753 ,funt

441 765 582 813 horti
622 765 798 824 (immo
845 765 948 812 orti
997 759 1273 810 secundum
1311 761 1604 821 Varronem)
1657 756 1835 828 apibus
1883 775 2227 829 congruentes.
2306 755 2452 827 Quae

436 862 555 895 sane
589 844 654 895 ad
684 845 839 894 libros
874 844 939 893 de
973 862 1027 893 re
1061 844 1246 895 'rustica
1281 844 1388 893 sine
1428 845 1525 893 ulla
1561 844 1870 895 dubitatione
1917 846 2233 910 referremus,
2270 847 2360 895 nisi
2398 847 2450 895 hi

441 931 723 996 superstites
759 935 935 979 essent.
1004 928 1110 977 Sed‘
1138 929 1236 976 hoc
1270 928 1733 994 quomodocunque
1772 946 1822 976 se
1868 930 2041 992 habet,
2079 939 2216 977 certo
2266 947 2293 977 e
2334 948 2451 994 gro-

441 1014 618 1061 matica
655 1017 793 1078 parte
827 1012 1127 1077 geometriae
1164 1010 1283 1060 illud
1318 1019 1466 1076 eaput
1497 1012 1852 1060 Varronianum
1900 1013 2101 1077 petitum
2148 1022 2276 1075 erat,
2311 1014 2451 1061 cuius

437 1111 571 1144 nunc
617 1095 993 1159 inscriptionem
1043 1103 1235 1143 tantum
1285 1095 1337 1142 in
1390 1095 1779 1160 agrimensorum
1815 1095 2103 1143 collectione
2137 1097 2451 1160 superstitem

436 1194 539 1227 esse
572 1182 614 1233 §-
652 1179 681 1226 5
711 1177 938 1227 vidimus.
992 1177 1310 1226 Frontiniano
1346 1184 1508 1226 autem
1547 1178 1831 1226 testimonio
1870 1177 2233 1226 ibidem'aliato
2265 1179 2449 1228 addere

436 1262 641 1311 alterurn
681 1259 795 1309 licet
830 1276 857 1307 e
890 1277 939 1326 p.
973 1263 1069 1309 215
1107 1260 1279 1310 Goes.:
1321 1261 1532 1312 limitum
1562 1265 1731 1329 prima
1765 1265 1942 1329 origo,
1984 1265 2117 1311 sicut
2154 1262 2327 1312 Varro
2363 1264 2449 1312 de-

434 1348 655 1413 scripsit,
689 1346 761 1395 ad
792 1345 1113 1413 disciplinam
1145 1349 1432 1413 aruspicum
1469 1346 1634 1404 (codd.
1668 1350 1930 1404 rusticam3
1968 1363 2029 1394 an
2064 1350 2398 1413 aruspicinam
2410 1350 2447 1403 5²)

434 1433 664 1479 noscitur
699 1433 984 1497 pertinere,
1030 1428 1170 1498 qnod
1212 1434 1470 1497 aruspices
1506 1430 1674 1479 orbem
1724 1441 1975 1479 terrarum
2019 1434 2070 1477 in
2115 1430 2243 1480 duas
2276 1442 2450 1496 partes

433 1512 720 1564 diviserunt
755 1553 765 1564 .
805 1548 816 1560 .
856 1553 866 1563 .
903 1522 952 1561 et
987 1529 1124 1578 quae
1152 1522 1426 1579 sequuntur
1465 1530 1638 1579 magna
1674 1513 1874 1562 fortasse
1912 1530 1969 1561 ex
2011 1522 2150 1578 parte
2195 1513 2256 1561 ad
2298 1514 2448 1578 ipsius

432 1598 661 1646 Varronis
695 1598 971 1663 exemplum
1011 1596 1268 1662 disputata.

1339 1767 1389 1847 §.
1445 1778 1531 1831 19.

623 1921 665 1964 1.
718 1915 872 1978 Quod
907 1926 1070 1966 autem
1100 1917 1375 1985 universam
1410 1926 1646 1965 terrarum
1683 1915 2067 1981 descriptionem
2102 1914 2165 1970 (h.
2188 1933 2227 1963 e.
2265 1931 2440 1976 γεωμε-

430 2003 579 2064 τρίαν
596 2004 681 2055 τῆς
710 2001 993 2062 οἰκουμένης
1013 2003 1053 2056 *)
1083 2002 1313 2050 Varronis
1345 2001 1411 2050 de
1437 2004 1711 2068 geometria
1735 2001 1862 2048 libro
1895 1999 2303 2063 comprehensam
2334 2016 2438 2046 esse

430 2083 789 2148 intelleximus,
822 2085 942 2134 inde
987 2102 1114 2133 nova
1160 2086 1238 2133 lux
1288 2086 1524 2133 obscurae
1569 2083 1843 2131 admodum
1897 2082 2173 2147 quaestioni
2223 2082 2432 2145 affulget.

431 2167 635 2230 Etenim»
660 2185 773 2217 cum
821 2187 923 2218 non
969 2169 1235 2217 mediocris
1280 2168 1542 2217 multitudo
1589 2177 1717 2215 esset
1757 2167 2137 2232 fragmentorum
2173 2166 2436 2214 Varronia-

431 2266 611 2297 norum
669 2252 735 2299 ad
788 2253 1224 2326 geographiae
1283 2253 1658 2317 explicationem
1716 2250 2066 2316 pertinentium
2087 2285 2102 2311 ,
2159 2247 2435 2296 identidem

431 2333 707 2396 quaesitum
745 2344 850 2398 est,
897 2336 1080 2401 quibus
1130 2335 1332 2384 tandem
1376 2336 1506 2383 hanc
1545 2335 1684 2382 libris
1731 2343 1994 2382 tractasset.
2082 2333 2200 2380 Nam
2247 2330 2437 2379 Rerum

428 2415 759 2467 humanarum
810 2419 901 2466 etsi
948 2435 1030 2467 sex
1079 2420 1255 2485 integri
1291 2420 1433 2482 libri,
1467 2419 1527 2465 ab
1562 2417 1663 2466 vul
1700 2417 1763 2465 ad
1796 2416 1929 2479 xm,
1963 2417 2158 2464 fuerunt
2198 2414 2262 2465 de
2295 2414 2437 2472 locis,

428 2508 594 2547 tamen
639 2500 734 2548 hos
784 2519 889 2551 non
917 2501 998 2551 ad
1045 2512 1231 2551 exteras
1278 2487 1430 2551 terras
1478 2501 1721 2566 quaslibet
1766 2501 1978 2566 patuisse
2024 2499 2291 2563 Augustino
2329 2514 2440 2546 cre-

431 2580 649 2631 dendum
688 2592 762 2632 est
790 2583 855 2632 de
890 2585 1101 2635 civsdei
1137 2586 1213 2649 vl,
1245 2583 1302 2634 4:
1349 2603 1513 2635 rerum
1546 2586 1730 2654 quippe
1764 2585 2091 2632 humanarum
2135 2581 2296 2632 libros
2339 2599 2442 2631 non

426 2676 662 2736 quantum
680 2666 752 2716 ad
770 2666 941 2719 orbem
976 2681 1241 2732 terrarum,
1275 2669 1366 2721 sed
1400 2680 1637 2740 quantum
1662 2668 1733 2719 ad
1756 2669 1911 2719 solam
1936 2665 2147 2717 Romam
2173 2670 2440 2733 pertinent,

512 2854 561 2941 ἓ)
594 2883 665 2924 Sic
694 2883 801 2925 enim
830 2876 1077 2940 Protagorae
1107 2885 1335 2942 geographi
1365 2885 1468 2928 liber
1498 2883 1714 2940 inscriptus
1740 2887 1830 2926 erat
1863 2887 1969 2926 teste
1997 2880 2143 2925 Photio
2175 2880 2272 2923 Bibl.
2294 2890 2329 2920 c.
2359 2878 2437 2920 158

596 2954 686 2997 coll.
715 2955 763 2998 B.
776 2956 976 2999 ·Fabricio
1010 2957 1050 2999 in
1077 2955 1174 2998 Mus.
1208 2956 1345 3011 philol.
1377 2957 1426 3011 11,
1454 2969 1491 3012 p.
1523 2957 1620 3003 372.

2002 3034 2032 3078 6
