2882 3343
1238 174 1637 230 ...40-

424 313 620 370 Boeth)
667 327 877 361 numero
906 311 1089 389 fuisse
1100 316 1354 389 partitum
1392 312 1631 384 (partitos
1660 310 1791 361 Cass.
1798 309 2097 384 ἣμιῌᾱ(
2100 322 2218 364 tunc
2249 309 2358 370 Bo.)
2393 322 2442 362 et

424 397 532 460 “ff“
558 411 772 455 menses,-
786 396 940 465 quod
972 392 1154 451 anmi'm
1190 397 1461 444 metiantur
1487 387 1781 451 (metiantur
1798 391 1921 458 BQ,
1954 394 2090 460 dieti
2102 407 2230 447 sum.
2264 411 2443 465 veru*

421 489 691 557 postquam
728 482 1053 546 &iamper-ta
1086 488 1226 533 sunt.
1253 480 1529 544 provocati
1559 477 1780 529 studiosi
1811 478 1890 528 ad
1916 480 2005 530 illa
2040 478 2323 531 itwisibilia
2355 495 2442 528 co·-

419 563 716 629 gwscenda
748 571 1017 629 coeperunt
1050 577 1309 630 quaerere,
1344 572 1534 629 quanto
1563 562 1728 628 spatio
1762 578 1795 609 a
1828 572 1969 612 terra
1999 563 2151 626 ἱυηα,
2166 581 2199 612 a
2225 563 2347 619 luna
2365 562 2444 613 soi

426 650 537 712 ipse
570 646 798 707 distaret,
831 656 881 694 et
915 661 1073 713 usque
1107 644 1179 693 ad
1210 648 1454 694 verticem
1479 645 1608 694 caeli
1639 644 1828 714 quanta
1855 646 1910 695 sk
1932 638 2167 695 mensura
2183 644 2442 698 distendoe

430 745 532 784 ret.-
565 728 703 797 quod
721 731 1059 794 peritissimos
1077 730 1361 794 ngetras
1381 738 1640 777 assecutos
1655 744 1764 776 esse
1788 739 2149 778 commemorat.
2170 730 2439 789 (verum-,-

419 824 769 862 commemorat
804 829 905 860 om.
945 812 1051 870 Bo.)
1090 823 1209 861 cunc
1244 823 1294 861 et
1331 810 1695 860 dimensionem
1722 810 1862 859 orbis
1880 822 2046 867 terrae
2077 810 2218 872 (dim.
2235 814 2441 861 univer-

415 896 688 946 sae³terrae
699 894 795 953 Ca.)
806 894 1065 963 probabili
1080 899 1240 957 refert
1255 897 1453 945 ratione
1468 888 1746 944 oollectaen:
1761 892 1973 964 ideoque
1986 893 2119 952 (ideo
2130 896 2441 957 Bo.>factum

413 991 490 1030 est
527 993 580 1029 uc
618 980 892 1046 disciplina
926 983 1038 1046 ipsa
1073 982 1380 1046 geometriae
1413 994 1593 1028 nomen
1635 980 1913 1042 acciperet,
1946 978 2085 1048 quod
2113 996 2207 1045 per
2240 981 2442 1030 saecula

419 1064 574 1129 longa
617 1062 839 1112 custodit
878 1066 1146 1118 (constaret
1190 1064 1310 1119 Bo.).
1387 1063 1618 1111 Varronis
1647 1063 1807 1127 ,igitur
1851 1064 2128 1127 exemplum
2172 1064 2440 1112 Marcianus

417 1147 638 1193 imitatus
674 1142 779 1194 non
811 1155 1002 1195 tantum
1038 1147 1163 1193 haec
1198 1146 1605 1209 pronuntiantem
1643 1145 1757 1193 facit
1793 1145 2126 1193 Geometriam
2150 1146 2226 1209 Vl,
2250 1164 2298 1211 p.
2321 1148 2438 1207 192:

417 1228 717 1279 Geometria
767 1229 945 1290 dicor,
996 1228 1133 1296 quod
1180 1240 1486 1295 permeacam
1504 1224 1718 1277 =‘crebro
1769 1227 2157 1297 admensamque
2217 1230 2442 1281 tellurem

416 1316 624 1382 eiusque
637 1314 889 1381 figuram,
921 1311 1342 1379 magnitudinem,
1373 1313 1564 1376 locum,
1593 1323 1768 1380 partes
1802 1323 1851 1361 et
1883 1311 2055 1361 stadia
2095 1316 2285 1378 possim
2331 1330 2442 1363 cum

417 1397 526 1447 suis
562 1396 846 1446 rationibus
882 1397 1171 1463 explicare,
1199 1412 1359 1465 neque
1395 1397 1499 1445 ulla
1527 1400 1595 1446 sit
1640 1400 1693 1445 in
1730 1399 1885 1446 totius
1929 1407 2096 1446 terrae
2139 1395 2441 1448 diversitate

412 1484 650 1546 partitio,
700 1499 850 1547 quam
897 1498 997 1529 non
1040 1484 1271 1529 memoris
1317 1497 1469 1530 cursu
1516 1480 1870 1547 descripu'onis
1926 1479 2203 1531 absolvam.-
2252 1480 2340 1529 sed
2388 1482 2440 1530 in

2523 505 2551 520 N

419 1565 527 1629 ipsa
563 1565 863 1629 geometriae
902 1565 1213 1612 enarratione
1250 1566 1317 1612 ita
1346 1573 1581 1626 versatur,
1615 1573 1670 1613 ut
1705 1581 1732 1612 a
1763 1581 1810 1628 p.
1839 1563 2033 1631 ¹92.²d
2057 1568 2153 1612 227
2189 1580 2440 1628 geogra-
2523 1574 2530 1580 ‘

420 1649 648 1713 phicas
685 1649 899 1694 rationes
933 1647 1148 1695 universi
1187 1648 1322 1695 orbis
1356 1656 1595 1695 terrarum
1632 1656 1972 1711 persequatur,
2008 1665 2065 1696 ac
2088 1656 2193 1695 tum
2218 1647 2440 1709 demum,

417 1733 656 1797 exposita
690 1741 855 1779 terrae
891 1746 1263 1798 aequorumque
1297 1747 1558 1793 mensura,
1591 1729 1661 1779 ad
1693 1733 1821 1780 artis
1849 1742 2119 1797 praecepta
2153 1733 2349 1790 veniat,
2383 1739 2439 1777 ut

417 1814 524 1878 ipse
560 1814 628 1862 ait
658 1830 707 1877 p.
746 1816 840 1862 227
881 1813 1007 1869 (coll.
1044 1830 1093 1877 p.
1137 1814 1261 1861 192:
1308 1829 1371 1861 ac
1406 1812 1602 1862 demum
1640 1801 2144 1863 ceterafflstruendae
2170 1822 2441 1880 praecepta

418 1899 550 1946 artis
590 1897 845 1962 aperire),
881 1895 930 1945 h.
969 1913 1009 1944 e.
1047 1894 1111 1943 ad
1157 1897 1399 1945 linearum
1442 1894 1809 1960 figurarumque
1853 1896 2185 1944 definitiones.
2265 1896 2438 1957 Quan-

421 1996 571 2044 quam
611 1970 753 2043 quo'd
787 1979 839 2027 in
874 1979 1042 2044 priore
1076 1988 1214 2043 parte
1249 1979 1327 2027 bis
1363 1979 1515 2044 ipsius
1535 1980 1842 2027 mentionem
1861 1980 2090 2027 Varronis
2113 1979 2227 2028 fecit
2249 1996 2297 2044 p.
2318 1968 2436 2028 205.

420 2060 540 2124 214,
576 2062 630 2110 id
665 2063 849 2109 nullam
884 2063 993 2110 huo⁴
1018 2063 1118 2109 vim
1153 2063 1306 2110 habet
1342 2072 1606 2128 propterea
1640 2062 1781 2128 q'uod
1802 2071 1852 2110 et
1874 2063 1998 2111 haec
2022 2062 2123 2111 duo
2150 2063 2437 2116 tesfimonia

424 2155 474 2193 et
505 2145 835 2209 geographica
869 2162 956 2194 sua
989 2155 1182 2193 tantum
1228 2163 1334 2193 non
1372 2147 1541 2193 omnia
1573 2146 1735 2193 Plinio
1771 2146 1948 2194 maiori
1992 2145 2088 2205 (vel
2122 2145 2311 2203 Solino)
2350 2144 2441 2194 de·

421 2229 536 2290 bet,
563 2230 710 2277 ouius
744 2227 857 2276 vide
893 2228 1057 2291 11155,
1094 2231 1186 2291 (6),
1214 2227 1279 2278 45
1318 2239 1368 2277 et
1401 2229 1476 2292 lv,
1515 2234 1592 2292 12,
1626 2227 1751 2292 (24),
1789 2233 1868 2277 77.
1942 2228 2047 2276 Alia
2087 2227 2277 2276 Isidoro
2325 2245 2439 2277 cum

419 2313 638 2359 Varrone
674 2313 800 2359 ratio
838 2312 1113 2360 intercedit.
1184 2313 1227 2360 Is
1262 2314 1398 2360 enim
1435 2322 1484 2360 et
1516 2313 1863 2377 geographiam
1888 2328 2005 2361 sane
2026 2296 2075 2359 et
2099 2311 2439 2375 gromaticam,

422 2410 574 2458 quam
618 2411 721 2441 non
767 2395 926 2459 attigit
953 2395 1257 2457 Maroia'nuS,
1303 2395 1624 2459 complexus,
1659 2403 1922 2459 utramque
1966 2399 2135 2442 tamen
2178 2393 2241 2441 ab
2288 2393 2441 2460 ipsius

418 2478 719 2541 geometriae
757 2479 1069 2526 enarratione
1105 2479 1253 2543 longo
1298 2478 1555 2527 intervallo
1593 2477 1893 2542 diremptam
1930 2478 2067 2524 libris
2100 2462 2303 2526 demum
2336 2476 2439 2527 xlv

422 2569 472 2606 et
497 2559 577 2608 XV
614 2561 720 2620 (ubi
757 2577 784 2607 a
817 2576 926 2625 cap.
963 2565 1023 2608 13
1060 2561 1218 2626 agitur
1259 2561 1324 2610 de
1360 2563 1537 2628 agris,
1583 2561 1649 2610 de
1674 2559 1874 2627 finibus
1906 2576 2171 2626 agrorum,
2206 2558 2272 2610 de
2296 2574 2440 2611 men-

421 2645 557 2691 suris
583 2648 841 2708 agrorum>
880 2641 1139 2710 Originum
1176 2654 1463 2711 persecutus
1504 2654 1590 2696 est.
1669 2645 1839 2710 ltaque
1885 2659 2125 2709 quaerere
2159 2643 2292 2695 licet*
2318 2657 2438 2693 num

493 2825 547 2876 ἡ
582 2822 768 2865 Voluisse
802 2824 1071 2868 Cassiodorus
1102 2825 1289 2871 videtur:
1319 2826 1445 2881 prius
1476 2824 1637 2878 quidem
1656 2836 1756 2877 per
1780 2823 2052 2867 dimensiones
2079 2819 2263 2862 homines
2295 2817 2437 2860 ter‘ra-

569 2906 663 2936 rum
691 2895 874 2937 terminis
900 2897 1047 2948 positis
1070 2927 1080 2938 .
1111 2928 1121 2939 .
1155 2927 1165 2939 .
1200 2929 1210 2939 .
1238 2897 1518 2951 praestitisse,
1550 2896 1696 2939 deinde
1717 2928 1727 2938 .
1759 2927 1769 2939 .
1802 2925 1815 2939 .
1846 2925 1857 2939 .
1886 2895 2020 2949 fuisse
2045 2891 2239 2945 partitos.
