2882 3343
1219 130 1613 186 ...33-

1309 266 1560 343 §.m

612 378 823 456 Tertia,
837 393 889 441 in
925 403 1023 457 qua
1067 393 1390 459 numerorum
1436 393 1611 468 aliquis
1657 408 1772 441 usus
1817 392 1997 456 fiebat,
2043 371 2299 459 disciplina
2346 404 2419 445 est

412 464 767 542 rhetorica·
773 476 855 522 in
862 464 989 538 qua
1024 478 1212 554 quanto
1221 464 1416 519 'studio
1448 489 1697 537 quamque
1728 474 1894 523 subtili
1926 475 2179 539 diligentia
2213 479 2418 540 syllaba-

396 544 539 614 'r'um
560 556 813 613 mensuras
841 561 1028 605 veteres
1062 555 1277 633 magistri
1315 555 1562 638 exegerint
1594 553 1879 622 pedumque
1914 560 2132 608 rationes
2168 569 2216 607 et
2250 561 2416 608 multi·
2460 546 2473 563 ”

409 627 563 708 plices
592 630 960 706 complexiones
993 635 1303 716 pensitat-int,
1333 626 1396 684 in
1421 638 1589 702 vulgus
1625 649 1824 688 constat.
1892 623 2064 705 Itaque
2099 640 2163 689 de
2197 640 2298 688 hoc
2331 658 2418 706 ge-

412 741 528 772 nere
564 725 616 772 in
646 714 895 801 rhetorica
914 712 1136 769 breviter
1150 717 1423 786 praecepit
1454 719 1725 768 Marcianus
1753 725 1807 784 V,
1828 741 1875 787 p.
1899 725 1995 772 168
2014 740 2126 788 sqq.
2176 721 2421 789 Idemque

409 801 676 856 Varronem
714 805 882 852 fecisse
917 821 975 851 ex
1007 802 1173 867 Rufini
1209 802 1293 850 de
1309 802 1477 850 metris
1499 812 1749 851 oratorum
1781 788 2259 870 commentariolop.
2282 809 2418 855 2720

409 890 467 937 P.
502 881 676 955 398Ὸ.
708 884 1014 950 intelligitur.
1046 876 1200 934 la'tine
1235 884 1299 933 de
1340 887 1560 934 numeris
1594 887 1654 933 hi
1686 887 2284 962 (scripserunt)·Cace1-o,
2321 889 2398 936 V
2378 908 2419 936 ι-

411 974 665 1033 olorinus,
687 964 1067 1036 Hieronymus,
1111 967 1451 1026 Terentianus,
1492 967 1686 1031 Varro,
1720 969 1931 1030 Probus,
1971 971 2255 1030 Charisia&
2288 970 2419 1020 Dio-

412 1051 599 1108 medes,
649 1051 1018 1118 Quimiluznus,
1054 1050 1308 1112 Donatus,
1343 1050 1554 1101 Servius.
1636 1053 1687 1098 ln
1738 1054 1919 1116 quibus
1952 1054 2312 1123 Hieronymum
2355 1051 2421 1102 de

414 1135 713 1184 Graecorum
751 1135 839 1198 qui
880 1130 1180 1197 praecedunt
1213 1130 1446 1180 societate
1493 1133 1737 1180 sublatum
1785 1135 2094 1198 reposuimus
2131 1137 2181 1183 in
2214 1135 2421 1186 Eusebii

412 1219 596 1266 locum.
670 1217 743 1264 De
771 1199 1392 1281 numeris'autem⁸prosae
1424 1216 1663 1263 orationis
1695 1218 1836 1281 loqui
1872 1217 2107 1265 Rufinum
2137 1220 2420 1267 luculentis-

412 1303 536 1349 sime
573 1291 686 1348 cum
716 1301 1000 1362 latinorum,
1035 1299 1217 1364 quibus
1247 1299 1517 1344 Varronem
1554 1300 1728 1368 iunxit,
1763 1287 1868 1344 tum
1906 1300 2204 1347 Graecorum
2236 1304 2422 1363 (Thra-

411 1383 653 1453 symachi,
694 1377 949 1459 Gorgiae,
983 1381 1249 1441 Isocratis,
1297 1381 1640 1445 Theodectae,
1683 1383 2036 1449 Theophrasti,
2071 1381 2178 1442 cet.)
2216 1388 2420 1435 nomina

412 1469 707 1533 scriptorum
731 1465 931 1528 docent,
966 1461 1228 1530 omnisque
1250 1465 1455 1514 omnino
1492 1466 1690 1514 illorum
1725 1466 1988 1515 multitudo
2020 1469 2355 1533 exemplorum
2391 1485 2418 1516 e

411 1543 635 1616 plurimis
667 1538 945 1598 rhetoricae
980 1537 1263 1597 auctoribus
1298 1557 1658 1618 excerptorum,
1695 1550 1876 1613 quibus
1911 1567 1970 1598 ss.
2006 1547 2424 1614 testimoniatRu-

412 1633 542 1682 finus
576 1630 742 1700 media
775 1631 1086 1697 interposuit.
1169 1623 1353 1679 Co⁴ntra
1388 1630 1450 1679 ad
1483 1640 1745 1696 poetarum
1792 1649 2023 1681 numeros
2072 1643 2259 1698 spectat
2295 1650 2422 1699 quae

412 1717 643 1766 Varronis
687 1716 742 1764 in
789 1714 1011 1772 eiusdem
1052 1714 1216 1765 Rufini
1264 1714 1416 1763 altero
1470 1716 1856 1777 commentario,
1902 1717 1989 1780 qui
2031 1726 2103 1764 est
2148 1716 2210 1764 de
2253 1717 2423 1765 metris

414 1801 646 1881 comicis,
681 1800 870 1846 mentio
907 1798 963 1846 fit
996 1816 1047 1863 p.
1080 1801 1212 1846 2713
1246 1800 1301 1847 P.
1340 1802 1436 1847 387
1470 1799 1555 1846 G.:
1590 1816 1873 1848 mensuram
1910 1816 2017 1848 esse
2052 1803 2103 1848 in
2126 1799 2370 1860 sabult's.
2410 1835 2421 1845 .

513 1882 737 1932 ,dicunt
768 1864 853 1932 hi.-
889 1881 1084 1945 Cicero,
1117 1880 1348 1942 Scaurus,
1380 1883 1682 1944 Firmianus,
1721 1882 1896 1931 Varro
1932 1899 1973 1929 e.
2015 1900 2063 1947 q.
2097 1900 2132 1929 s.
2202 1884 2255 1930 in
2293 1898 2420 1948 quae

413 1966 562 2014 verba
597 1965 710 2014 vide
741 1983 868 2030 quae
904 1966 1226 2014 commentati
1261 1982 1426 2013 sumus
1460 1967 1654 2029 Parerg.
1691 1966 1846 2014 Plaut.
1883 1966 1920 2027 l,
1953 1983 2000 2029 p.
2037 1968 2134 2014 358
2166 1982 2277 2029 sqq.

1336 2127 1387 2207 §.
1433 2136 1519 2189 16.

619 2275 769 2323 Plene
805 2282 969 2322 autem
1005 2282 1056 2321 et
1090 2280 1313 2321 accurate
1349 2272 1389 2320 si
1426 2271 1622 2336 quaeris
1654 2271 1742 2319 ubi
1761 2273 1913 2319 Varro
1946 2279 2271 2336 poetarum
2307 2287 2425 2319 me-

413 2366 515 2404 tra
550 2358 862 2422 explicaverit
898 2356 1167 2421 deditaque
1203 2372 1354 2420 opera
1390 2355 1708 2402 enarraverit:
1754 2371 1846 2401 nec
1882 2370 1908 2400 e
1940 2355 2237 2418 geometrica
2266 2370 2361 2402 nec
2397 2371 2425 2401 e

414 2440 601 2486 musica
635 2453 728 2502 nec
764 2456 791 2486 e
826 2440 1086 2487 rhetorica
1107 2439 1196 2486 has
1232 2432 1590 2502 disputationes
1619 2438 1812 2498 nexuit,
1845 2435 1932 2483 sed
1971 2436 2283 2483 metricam
2323 2453 2429 2484 esse

415 2538 448 2588 p
451 2530 691 2594 ,εξ-[ἓξὲξ
687 2524 1161 2599 grammaticae
1206 2520 1493 2587 disciplinae
1533 2519 1691 2567 voluit
1737 2536 1849 2566 cum
1893 2518 2142 2590 plerisque
2191 2519 2429 2590 qur—post

731 2583 1011 2603 nmmflQ-aewq
1022 2585 1120 2597 m

417 2620 528 2653 eum
565 2604 613 2651 in
651 2600 856 2665 ecdem
873 2613 988 2653 sunt
1027 2619 1209 2670 genere
1254 2603 1430 2673 versati
1457 2603 1531 2662 *)·
1578 2618 1606 2650 e
1654 2618 1867 2667 quorum
1910 2610 2081 2650 tamen
2122 2618 2333 2651 numero
2383 2611 2431 2649 et

415 2687 707 2752 Augustinus
743 2695 791 2734 et
811 2686 1084 2745 Marcianus
1118 2662 1392 2736 eximendi.
1427 2702 1540 2735 nam
1577 2684 1642 2734 de
1678 2683 1972 2734 Cassiodoro
2002 2684 2313 2750 incomperta
2339 2699 2430 2747 res,

447 2897 450 2900 s
499 2838 547 2890 *J
575 2838 683 2882 Nolo
712 2837 894 2892 exempla
933 2849 1164 2893 congerere
1203 2839 1244 2880 in
1288 2849 1336 2881 re
1375 2836 1592 2881 confessa:
1625 2837 1831 2879 concinna
1877 2810 2011 2891 antem
2049 2839 2211 2891 praeter
2252 2833 2433 2888 reliquos

2033 2917 2060 2961 5
