2882 3343
1212 221 1567 277 ...8-

377 376 487 414 essu
515 362 820 445 dispmunitv
832 358 1010 431 qnod
1003 361 1168 411 multo
1190 362 1376 410 mittas
1387 362 1772 423 mirsam-m
1777 361 1960 429 quod
1968 379 2014 412 a:
2023 358 2233 435 quoqu«
2260 360 2396 415 utto-

308 441 326 511 }f'
376 463 506 505 ram
516 454 645 496 esse
636 441 831 518 negat.-
836 438 919 495 »in
951 461 1057 507 quo
1070 442 1219 512 quid
1227 441 1425 495 viderit
1443 372 1772 494 nondumm
1676 441 2037 510 deprehendis
2048 447 2219 514 {peius
2235 432 2396 497 verba

371 530 670 579 subiiciam:
706 530 1019 593 ‚finer-arum
1058 529 1249 591 partim
1290 539 1408 577 sunt
1451 538 1517 577 et
1525 526 1796 586 dicuntur,
1835 539 1900 577 ut
1932 544 1967 577 a
2008 538 2088 579 et
2102 527 2159 579 ἂι
2205 531 2393 596 partim

369 612 616 663 dicuntur
648 624 697 662 et
712 646 715 649 Δ
729 626 839 660 non-
855 621 984 669 sunt,
1022 621 1077 659 ut
1099 611 1133 659 Ιι
1160 620 1209 660 et
1229 617 1298 659 x.-
1326 613 1522 677 partim
1549 621 1667 660 sunt
1699 625 1856 678 neque
1888 609 2144 672 dicuntur,
2173 623 2228 662 ut
2243 610 2392 678 ‘papst‘

1314 839 1367 920 ς.
1412 783 1484 903 5.

569 992 677 1039 Non
714 983 1095 1051 minus'certis,
1127 989 1217 1037 sed
1250 990 1396 1053 longe
1430 990 1655 1054 pluribus
1700 983 2011 1056 testimoniis·
2043 987 2106 1036 de
2147 979 2387 1055 geome-

364 1076 495 1123 tria
542 1083 748 1122 constat.
832 1073 1055 1122 Primum
1101 1070 1381 1120 Cassiodori
1430 1071 1493 1120 de
1540 1081 1629 1121 art.
1680 1082 1728 1121 et
1773 1072 1893 1122 disc.
1932 1091 1972 1122 c.
2012 1073 2068 1136 6,
2110 1089 2159 1137 p.
2197 1072 2294 1121 560
2326 1071 2384 1119 h:

365 1156 540 1207 mundi
587 1172 787 1224 quoque
816 1156 1051 1222 figuram
1102 1159 1475 1203 curiosissimus
1524 1140 1702 1207 Varro
1751 1156 1934 1224 longae
1983 1141 2287 1226 rotunditati
2334 1157 2387 1202 in

362 1240 668 1306 geometriae
701 1238 957 1287 volumine
992 1239 1320 1302 comparavit,
1346 1241 1575 1297 formam
1613 1240 1772 1303 ipsius
1794 1238 1865 1284 ad
1885 1241 1977 1285 ovi
2003 1231 2385 1308 similitudinem

363 1322 598 1380 trahem,
634 1319 773 1386 quod
817 1322 869 1367 in
916 1318 1185 1369 latitudine
1227 1317 1430 1386 quidem
1476 1318 1746 1368 rotundum
1764 1355 1780 1375 ,
1826 1319 1919 1367 sed
1968 1322 2021 1366 in
2065 1318 2385 1385 longitudine

357 1402 608 1470 probatur
639 1402 925 1469 oblongum.
998 1400 1191 1449 Deinde
1226 1401 1456 1449 Marciani
1491 1401 1568 1466 Vl,
1597 1420 1646 1467 p.
1676 1402 1794 1450 190:
1833 1390 2047 1469 denique
2079 1403 2128 1449 si
2149 1392 2379 1449 Marcum

310 1465 315 1476 '
368 1488 657 1537 Terentium
695 1501 983 1554 paucosque
1017 1483 1287 1534 Romuleos
1334 1487 1567 1552 excipias
1607 1485 1916 1544 consulares,
1963 1484 2128 1532 nullus
2167 1476 2382 1550 prorsus

362 1572 488 1632 erit,
521 1572 666 1618 cuius
703 1571 801 1618 ista
836 1569 1141 1634 (geometria)
1177 1569 1326 1617 limen
1362 1571 1580 1617 intrarit.
1652 1571 1908 1617 Praeterea
1952 1568 2282 1616 Schneiderus
2330 1569 2379 1614 in

363 1653 545 1700 Vitruv.
586 1653 695 1714 Vll,
736 1652 888 1716 praef.
938 1652 1002 1701 de
1042 1656 1319 1719 geometria
1366 1655 1434 1700 ait
1470 1652 1653 1703 librum
1697 1654 1767 1702 ad
1801 1654 1872 1701 M.
1924 1652 2149 1725 Coelium
2186 1650 2378 1713 Rufum

360 1738 603 1802 scriptum
637 1735 813 1784 laudat
846 1735 938 1783 Iul.
976 1736 1252 1784 Frontinus
1287 1734 1352 1783 de
1394 1736 1636 1786 limitibus
1670 1754 1940 1803 agrorum5
1985 1737 2036 1783 in
2072 1744 2374 1784 commenta-

359 1820 498 1867 tione
533 1829 695 1867 autem
734 1820 796 1867 de
826 1822 960 1867 Varr.
996 1821 1078 1866 vit.
1117 1829 1165 1866 et
1199 1837 1285 1867 scr.
1322 1837 1372 1885 p.
1400 1818 1498 1867 234
1537 1820 1662 1867 adeo
1700 1820 1858 1868 libros
1889 1838 1946 1868 tx
1980 1818 2379 1886 Disciplinarum

362 1901 433 1949 ad
469 1902 539 1951 M.
581 1902 801 1969 Coelium
836 1900 1030 1962 Rufum
1069 1906 1285 1969 scriptos
1319 1919 1593 1953 memorare
1628 1919 1737 1951 cum
1772 1904 1889 1952 aliis
1931 1904 2233 1952 Vitruvium
2267 1903 2298 1947 l.
2319 1918 2378 1948 ss.

365 1985 517 2047 dicit,
552 1986 692 2049 quod
728 1987 771 2031 ei
804 1976 1052 2032 Fabricius
1086 1988 1330 2051 praeierat
1365 1988 1487 2033 Bibl.
1532 1988 1612 2033 lat.
1646 1987 1708 2050 Ι,ι
1728 2005 1777 2051 p.
1819 1991 1911 2034 125
1949 1988 2062 2034 Ern.
2084 1987 2123 2042 *)
2194 1986 2377 2032 Horum

366 2069 593 2115 omnium
638 2070 761 2116 nihil
797 2085 966 2117 verum
1013 2079 1098 2117 est.
1180 2070 1299 2118 Nam
1346 2070 1479 2135 apud
1521 2071 1808 2117 Frontinum
1862 2069 2066 2135 quidem
2115 2086 2161 2134 p.
2198 2072 2262 2117 38
2299 2068 2376 2115 ed.

367 2151 508 2200 Goes.
546 2151 671 2200 haee
704 2160 896 2199 tantum
930 2162 1144 2202 exstant:
1181 2172 1293 2203 nam
1334 2171 1459 2219 ager
1493 2153 1769 2219 arcifinius,
1805 2156 1935 2203 sicut
1968 2155 2042 2202 ait
2081 2152 2140 2201 V
2136 2168 2278 2211 arm,
2315 2151 2380 2201 ab

365 2235 602 2282 arcendis
648 2234 877 2283 hostibus
928 2248 1003 2284 est
1056 2236 1349 2303 appellatus.
1427 2235 1524 2284 Sed
1577 2234 1693 2283 inde
1747 2253 1774 2283 a
1819 2254 1867 2300 p.
1905 2238 1999 2285 035
2054 2252 2144 2299 per
2190 2235 2380 2299 aliquot

365 2319 566 2382 paginas
609 2320 937 2382 perscriptum
984 2331 1056 2366 est
1108 2331 1254 2384 caput
1295 2320 1620 2385 gromaticum
1665 2319 1728 2366 de
1772 2322 1904 2368 casis
1949 2319 2229 2367 litterarum
2281 2317 2380 2364 hoc

366 2402 637 2464 praemisso
693 2401 1131 2451 indice.11v01r1r
1180 2421 1321 2452 LIBER
1367 2418 1532 2451 MARCI
1582 2418 1806 2452 BARoNts
1850 2419 1918 2449 m:
1971 2416 2267 2449 ceoMETmA
2301 2418 2378 2449 AD

364 2500 561 2533 RVFVM
612 2500 900 2540 Famam,
958 2486 1138 2534 additis
1202 2488 1253 2534 in
1317 2488 1536 2550 margine
1594 2485 1696 2533 his:
1753 2485 1816 2533 al.
1870 2500 2103 2534 SILBIVM.
2148 2476 2264 2533 'item
2313 2484 2376 2532 al.

364 2582 562 2616 RVFVM
607 2558 859 2617 S1LV1VMf
945 2566 1117 2633 quue
1163 2578 1350 2633 spectat
1394 2568 1595 2615 Ausonii
1642 2569 1862 2631 Popmae
1905 2568 2160 2614 annotatio
2198 2583 2242 2631 p.
2279 2569 2378 2614 298

369 2648 445 2696 ed.
507 2650 636 2713 Bip.:
696 2651 861 2700 Huius
911 2651 1000 2708 (de
1058 2654 1355 2717 geometria)
1417 2652 1538 2699 libri
1592 2653 1932 2716 fragmentum
1986 2653 2375 2699 vetustissimum

441 2870 490 2919 *J
523 2867 661 2909 Tertio
695 2867 818 2908 modo
864 2867 962 2909 fauit
1001 2870 1126 2912 libros
1169 2887 1215 2913 ιχ
1253 2871 1577 2924 Disciplinarum
1612 2871 1669 2913 ad
1694 2871 1749 2913 M.
1793 2871 1973 2914 Coelium
2010 2866 2161 2921 Ruficm
2200 2866 2379 2919 scriptos

522 2951 755 2982 mernorare
783 2939 953 2981 Gellium
984 2941 1035 2991 X,
1070 2943 1089 2983 1
1124 2944 1263 2986 dicens
1296 2957 1388 2986 ann.
1422 2945 1460 2985 in
1495 2945 1590 2986 Vitr.
1624 2945 1646 2986 Ι.
1682 2956 1739 2986 ss.
