2882 3343
1203 178 1596 231 -13—

399 322 550 371 sitatis
598 317 762 382 specie
810 316 1136 366 conveniant?
1219 315 1564 379 Reputandum
1614 324 1687 362 est
1738 315 1870 361 enim
1920 332 2030 361 eum
2080 334 2181 362 esse
2227 319 2408 363 Varro-

399 422 546 465 nem,
589 400 675 466 qul
724 400 774 449 in
822 401 995 466 quovis
1035 418 1214 467 genere
1249 385 2025 465 *grammaticum*agatflpraeter
2067 408 2239 463 cetera2
2311 400 2408 445 Ita-

400 502 497 549 que
532 468 676 531 var-i-is
718 502 1035 531 numerorum
1073 483 1363 531 notionibus
1413 498 1539 546 quae
1583 482 1739 530 indita
1787 490 1949 529 essent
1995 481 2254 543 vocabula,
2301 499 2404 530 non

399 567 646 613 incuriose
682 584 792 613 eum
830 569 879 614 in
916 568 1042 613 libro
1080 565 1143 612 de
1184 565 1493 611 arithmetica
1544 563 1795 627 docuisse,
1840 566 1936 613 alio
1989 580 2195 629 quoque
2242 580 2405 610 exem-

397 649 481 712 plo
531 650 730 712 probari
780 651 1100 710 coniicimus,
1162 646 1301 712 quod
1357 655 1430 694 est
1477 645 1610 711 apud
1663 647 1964 695 Priscianum
2019 645 2082 695 de
2133 644 2214 710 fig.
2268 663 2403 695 num.

396 748 447 794 p.
489 734 615 778 1356
652 735 704 778 P.
740 730 837 778 401
877 733 956 777 K.·:
1003 731 1104 779 duo
1159 747 1336 787 asses,
1392 729 1598 791 dussis,
1648 729 1965 794 dupondius,
2021 732 2229 786 tressis,
2285 747 2408 794 qua-

396 814 614 872 dras-5125,
664 814 914 870 decussis,
968 815 1207 871 vicessis,
1264 813 1515 874 tricessis,
1570 810 1955 878 quadragessis,
2005 816 2408 881 qulnquagessis,

394 900 689 962 sexagessis
709 937 721 955 ‚
782 898 1124 961 septuagessis
1145 933 1160 957 ,
1220 900 1525 961 octogessis‚
1588 901 1910 961 nonagessis,
1962 900 2240 949 centussis,
2285 896 2409 963 ‘post

395 996 539 1046 quem
579 996 838 1028 numerum
883 990 1004 1028 teste
1043 978 1283 1027 Varrone
1328 997 1428 1027 non
1475 991 1837 1045 componuntur·
1886 996 1994 1027 cum
2038 997 2150 1029 asse
2195 983 2406 1029 numeri.

396 1061 466 1110 Ne
514 1061 593 1108 illa
640 1058 842 1125 quidem
897 1079 923 1109 a
975 1063 1059 1109 tali
1108 1064 1400 1109 tractatione
1455 1064 1792 1111 arithmeticae
1843 1063 2108 1109 abhorrere
2149 1062 2405 1124 videntur,

400 1160 527 1206 quae
564 1160 589 1188 e
623 1146 839 1190 Varrone
876 1145 1054 1191 Gellius
1100 1144 1187 1206 ΙΙΙ,
1231 1142 1291 1190 14
1339 1145 1578 1208 excerpsit
1624 1144 1686 1191 de
1736 1144 2021 1191 discrimine
2069 1143 2310 1195 dimidius
2358 1154 2408 1192 et

397 1224 694 1274 dimidiatus
737 1229 1103 1274 vocabulorum.
1184 1229 1303 1275 Nam
1350 1228 1411 1274 ab
1455 1228 1563 1291 ipso
1614 1226 1770 1274 Gellio
1820 1236 2053 1274 tractatos
2101 1243 2201 1274 esse
2247 1228 2407 1275 Disci-

398 1308 644 1369 plinarum
691 1310 843 1355 libros
887 1310 991 1355 aliis
1040 1325 1244 1374 quoque
1286 1309 1597 1356 documentis
1644 1309 1767 1356 infra
1813 1308 2028 1372 patefiet.
2102 1309 2285 1358 Falsum
2336 1319 2407 1356 est

400 1399 591 1451 autem,
626 1391 764 1454 quod
807 1393 990 1456 placuit
1022 1393 1221 1438 Barthio
1259 1391 1507 1439 Adversar.
1545 1391 1622 1454 Vl,
1657 1392 1705 1453 6,
1741 1407 1797 1438 ex
1839 1392 2146 1440 arithmetica
2178 1392 2407 1440 Varronis

400 1473 572 1520 hausta
617 1491 720 1521 esse
768 1476 892 1521 haec
937 1476 1135 1522 Favonii
1172 1476 1359 1540 Eulogii
1406 1477 1456 1522 in
1501 1475 1675 1522 Somn.
1712 1473 1842 1537 Scip.
1890 1492 1938 1538 p.
1976 1472 2076 1523 407
2116 1474 2286 1522 Orell.:
2339 1474 2408 1521 cul

400 1555 534 1601 hunc
563 1573 821 1604 numerum
857 1555 1116 1618 cubicum,
1152 1568 1206 1605 ut
1246 1557 1476 1605 Varroni
1499 1556 1697 1622 placet,
1731 1557 1925 1606 lunart's
1960 1573 2137 1607 cursus
2174 1560 2409 1622 congruit

400 1638 638 1686 revolutio
658 1675 672 1700 ,
714 1656 843 1707 quae
878 1643 930 1687 in
964 1657 1122 1690 XXVII
1152 1639 1330 1689 dIebus
1372 1657 1514 1688 omne
1550 1643 1680 1689 tanti
1715 1640 1899 1689 sideris
1943 1641 2107 1689 lumen
2153 1641 2410 1688 exhaurit.

402 1719 542 1780 Quae
598 1722 940 1787 unusquisque
991 1739 1077 1770 sua
1126 1732 1302 1787 sponte
1357 1723 1579 1787 intelligit
1633 1723 1798 1770 locum
1851 1725 1996 1769 etiam
2048 1725 2100 1770 in
2152 1723 2413 1787 astrologia

398 1803 582 1851 habere
619 1805 864 1868 potuisse,
899 1807 1126 1853 habuisse
1176 1816 1340 1853 autem
1385 1808 1435 1853 iu
1485 1808 1758 1871 geometria
1804 1807 2039 1870 intelliget
2087 1807 2172 1870 qui
2209 1810 2247 1859 §.
2289 1809 2346 1852 17
2385 1822 2413 1852 a

398 1887 544 1933 nobis
604 1887 848 1951 disputata
917 1891 1191 1954 perlegerit.
1295 1891 1542 1937 Krahnero
1612 1891 1758 1955 igitur
1832 1905 1946 1937 cave
2014 1889 2275 1936 assentiare
2344 1888 2408 1936 ad

399 1970 779 2018 Hebdomadum
821 1974 1001 2020 librum
1044 1975 1262 2038 primum
1299 1974 1377 2021 illa
1412 1974 1638 2021 referenti
1676 1989 1859 2021 comm.
1909 1971 1971 2019 de
2003 1972 2135 2019 Varr.
2175 1971 2404 2034 antiquit.

398 2070 448 2116 p.
486 2054 533 2098 9.
605 2054 719 2115 Quo
753 2055 919 2118 libro,
964 2064 1201 2121 tanquam
1246 2056 1504 2121 prooemio
1556 2055 1675 2119 ipsis
1710 2054 2007 2118 Imaginibus
2048 2054 2406 2118 breviculisque

400 2150 566 2181 earum
617 2137 1046 2201 explanationibus
1096 2138 1392 2202 praemisso,
1436 2138 1520 2186 etsi
1569 2137 1632 2186 de
1680 2137 1897 2185 numeris
1941 2138 2094 2184 multa
2141 2147 2187 2183 et
2233 2138 2407 2200 exqui-

399 2217 488 2263 site
540 2226 588 2264 et
639 2218 969 2283 frigidiuscule
1021 2231 1249 2285 congesta
1297 2239 1400 2270 esse
1450 2240 1475 2269 e
1521 2220 1642 2269 Gell.
1687 2219 1775 2281 lll,
1826 2224 1886 2267 10
1941 2229 2181 2282 apparet,
2238 2229 2407 2265 tamen

399 2299 462 2346 ad
505 2316 661 2347 unum
708 2301 832 2350 haec
876 2304 1045 2351 omnia
1087 2306 1418 2368 septenarium
1466 2321 1725 2351 numerum
1774 2303 2081 2366 spectabant:
2128 2302 2264 2347 cuius
2315 2303 2408 2348 etsi

399 2380 660 2444 aliquoties
703 2382 837 2446 apud
882 2384 1137 2449 Eulogium
1184 2387 1347 2450 paullo
1398 2397 1507 2432 ante
1557 2387 1746 2432 mentio
1805 2387 1889 2447 fit,
1928 2395 2095 2430 tamen
2143 2385 2247 2447 ipsa
2302 2385 2407 2445 illa,

401 2462 580 2525 quibus
622 2466 854 2513 Varronis
903 2470 1243 2516 auctoritatem
1296 2470 1552 2532 adhibuit,
1601 2470 1750 2516 verba
1808 2468 1871 2514 ad
1921 2467 2255 2531 septenarium
2310 2481 2407 2513 nu-

399 2562 588 2593 merum
629 2548 762 2595 nullo
806 2550 959 2597 modo
1001 2553 1266 2615 pertinent.
1305 2578 1365 2588 —
1416 2551 1640 2600 Ceterum
1688 2552 1750 2600 de
1798 2550 2107 2598 arithmetica
2152 2549 2212 2597 cf.
2260 2548 2405 2597 etiam

402 2631 441 2681 §.
483 2634 555 2677 11.
597 2633 671 2678 13.
