2882 3343
1259 121 1654 178 -47...

458 264 681 318 muribus
718 265 960 330 fugatos,
1005 266 1056 313 in
1084 264 1252 313 <Italia
1288 265 1532 331 Amyclas
1576 279 1609 313 α
1653 264 1965 328 serpentibus
2008 267 2206 314 deletas.
2246 287 2308 296 -—
2360 265 2461 309 Alia

408 370 422 380 x
457 347 974 411 sortasse-suppeditat
1007 348 1181 396 Valerii
1216 348 1410 396 Maximi
1444 346 1509 396 de
1542 346 1801 397 miraculis
1835 355 1984 411 caput
2013 346 2049 408 1,
2079 350 2123 394 8.

658 427 726 478 4.-
780 430 926 495 Magis
956 430 1177 489 obnoxia
1211 428 1537 491 dubitationi,
1581 447 1728 494 quam
1776 446 1908 495 quae
1948 428 2012 478 ad
2056 430 2266 495 reliquas
2308 440 2459 479 terras

461 517 737 579 pertinent,
789 532 844 562 ca
894 524 1008 563 sunt
1051 513 1280 565 Varronis
1326 513 1594 577 fragmenta
1642 514 1968 579 geographica
2012 530 2142 579 quae
2194 512 2256 561 ad
2309 514 2460 577 ipsam

459 600 692 650 ltaliam
729 606 972 664 spectant:
1009 613 1287 661 equorum
1321 612 1527 643 numero
1564 596 1654 643 suit
1688 598 1832 644 etiam
1868 598 2011 646 Plinii
2047 595 2170 647 illud
2210 612 2237 644 e
2272 595 2348 658 ln,
2390 601 2465 658 12,

465 686 572 732 109.
594 685 628 739 *)
665 683 817 749 ,2Nam
856 681 943 728 etsi
981 681 1030 726 in
1064 678 1252 728 Rerum
1287 681 1619 729 humanarum
1666 680 1801 727 libi-is
1836 681 1897 728 de
1944 682 2064 729 locis
2092 690 2314 729 ‹eatenus
2355 690 2467 728 tan-

460 776 562 814 tum
600 766 788 816 dictum
840 780 986 826 esse,
1019 772 1262 828 quatenus
1303 760 1366 810 ad
1408 765 1642 826 Romam,
1689 764 1979 828 Augustinus
2018 773 2256 826 testatur,
2301 774 2469 812 tamen

461 840 726 898 iectehoe
747 847 1024 897 Krabnerus
1060 847 1088 895 l.
1106 863 1172 894 ss.
1213 845 1403 894 videtui·
1440 847 1489 894 iu
1526 864 1642 894 eam.
1669 855 1855 912 partem
1883 848 2211 912 interpretari,
2241 856 2297 894 ut
2319 848 2467 895 etiam

460 932 523 981 ad
567 932 752 980 ltaliam
787 940 966 995 ¹patere
1012 930 1329 978 existimetur.
1416 931 1606 978 Docent
1652 931 1783 977 enim
1834 931 1931 978 hoc
1973 948 2029 978 ea
2075 948 2203 995 quae
2250 948 2307 977 ex
2358 930 2465 977 Rev.

462 1016 599 1070 hum.
630 1015 766 1064 libris
794 1013 893 1062 Vlll
932 1012 994 1061 ad
1023 1012 1128 1060 Xut
1162 1013 1288 1061 sorte
1321 1023 1511 1062 servata
1544 1023 1681 1063 sunt:
1716 1014 1848 1062 velut
1883 1032 1985 1063 non
2018 1014 2082 1062 ad
2105 1015 2309 1063 Romam
2346 1030 2471 1078 pro-

462 1101 619 1159 fecto,
653 1096 741 1148 sed
776 1096 839 1144 ad
874 1097 1057 1145 ltaliam
1091 1097 1347 1161 pertinent
1380 1114 1509 1163 quae
1543 1098 1607 1146 de
1629 1109 1817 1166 septem
1851 1101 2000 1148 iuxta
2020 1095 2269 1165 Rhequm
2288 1097 2471 1163 fluviis

466 1200 521 1229 ex
558 1183 642 1229 lib.
678 1181 721 1227 X
757 1181 946 1230 Probus
980 1180 1165 1245 profert
1211 1182 1261 1229 in
1298 1180 1511 1230 Bucolic.
1555 1183 1687 1245 init,
1729 1184 1804 1229 vel
1851 1200 1978 1247 quae
2015 1199 2070 1229 ex
2103 1180 2164 1228 XI
2197 1181 2470 1229 Macrobius

461 1267 544 1316 Sat
597 1264 659 1327 11,
687 1269 767 1311 19:
806 1262 877 1312 αᾱ
910 1266 1102 1313 victum
1147 1266 1336 1330 optima
1357 1270 1473 1328 sert
1515 1282 1646 1333 ager
1681 1264 1964 1331 Campanus
1997 1271 2339 1326 frumentum,
2373 1267 2471 1313 Fa-

462 1350 634 1398 lernus
664 1350 867 1409 vinum,
905 1346 1144 1396 Casinas
1183 1347 1344 1395 oleum
1360 1383 1375 1409 ,
1425 1348 1738 1397 Ibi-calanus
1769 1349 1930 1414 ficum
1948 1384 1961 1403 ,
2012 1349 2107 1395 mel
2158 1348 2469 1409 Tarentinus,

459 1435 645 1496 plscem
693 1429 904 1480 Tiberis.
974 1431 1112 1480 Haec*
1137 1431 1283 1495 igitur
1316 1432 1356 1478 si
1393 1449 1495 1479 non
1528 1432 1689 1480 aliena
1723 1432 1922 1479 suerunt
1956 1448 1984 1479 a
2016 1432 2194 1479 Rerum
2229 1431 2470 1478 humana-

467 1531 573 1562 rum
612 1515 775 1577 libris,
811 1513 966 1562 multo
1015 1514 1162 1562 etiam
1205 1514 1372 1563 minus
1417 1515 1574 1564 aliena
1617 1515 1733 1564 talia
1776 1515 2058 1581 putabimus
2106 1530 2233 1579 quae
2278 1513 2341 1561 ad
2388 1531 2471 1561 eos

467 1599 607 1646 locos
631 1598 904 1663 populosve
940 1598 1104 1647 ltaliae
1137 1607 1389 1664 spectant,
1425 1600 1510 1665 qui
1545 1599 1699 1665 ipsius
1734 1599 1966 1647 historiae
2001 1598 2198 1646 vinculo
2234 1614 2346 1645 cum
2370 1597 2470 1644 llo-

467 1699 577 1728 mae
622 1682 925 1747 Latinaeque
965 1683 1124 1746 gentis
1174 1683 1547 1747 antiquitatibus
1607 1684 1938 1731 continentur.
2025 1681 2202 1741 Qualia
2247 1690 2361 1728 sunt
2412 1680 2473 1726 de

466 1766 616 1814 Latio
650 1764 815 1830 deque
843 1766 1085 1814 Oenotria
1119 1766 1318 1831 prodita
1351 1767 1483 1831 apud
1517 1768 1738 1814 Sei-vium
1777 1768 1825 1813 iu
1852 1769 1967 1814 Aen.
1992 1766 2108 1827 Yssl,
2138 1769 2255 1813 322.
2291 1764 2327 1825 l,
2350 1768 2471 1823 5:323

468 1851 543 1896 vel
578 1848 641 1897 de
675 1848 878 1901 Suhiru‘s
912 1849 1046 1915 apud
1080 1853 1271 1898 Festum
1312 1868 1361 1917 p.
1392 1849 1516 1900 343:
1552 1860 1701 1916 atque
1733 1850 1996 1916 persuadet
2024 1849 2283 1914 imprimis,
2317 1847 2472 1912 quod,

467 1932 895 1998 quemadmodum
930 1933 994 1981 ad
1024 1935 1371 2000 etymologiam
1410 1950 1535 1999 quae
1579 1943 1695 1982 sunt
1739 1933 1804 1981 de
1838 1934 1974 1981 Latio
2026 1943 2076 1980 et
2118 1932 2311 1980 Sabinis
2353 1947 2468 1994 spe-

466 2024 627 2079 etant,
656 2017 722 2063 ita
757 2017 908 2081 ipsius
941 2016 1122 2072 Italiae
1153 2018 1370 2082 nominis
1388 2019 1588 2083 stirpem
1627 2018 1678 2068 in
1710 2017 2085 2082 antiquitatibus
2101 2031 2267 2062 rerum
2291 2015 2469 2060 huma-

465 2115 639 2145 narum
675 2100 823 2146 Varro
872 2099 1135 2163 explicasse
1170 2099 1351 2149 dicitur
1385 2117 1413 2148 a
1449 2100 1602 2148 Gellio
1638 2100 1730 2162 xl,
1769 2106 1811 2147 1.
1889 2101 1987 2148 Nec
2032 2115 2160 2163 quae
2205 2097 2338 2145 idem
2389 2097 2468 2142 ille

463 2179 657 2228 Sei-vius
692 2181 841 2229 habet
876 2182 1081 2229 inAen.
1118 2181 1154 2243 1,
1191 2179 1289 2233 246
1327 2192 1376 2231 et
1412 2183 1585 2248 Georg.
1619 2182 1679 2246 lt,
1714 2187 1829 2232 201.
1865 2182 1983 2231 Aen.
2018 2181 2114 2244 Vll,
2150 2183 2246 2229 712
2282 2177 2346 2228 de
2385 2178 2470 2227 Τι’-

465 2281 614 2312 ιηαυο
630 2265 807 2330 fluvio
844 2263 1009 2328 deque
1044 2264 1159 2317 lacu
1200 2265 1259 2315 V
1256 2266 1408 2329 elluo,
1441 2267 1738 2332 geometriae
1774 2266 1930 2315 ausim
1966 2282 2076 2314 cum
2108 2264 2272 2329 aliqua
2306 2260 2469 2316 confi-7

542 2482 589 2532 ὓ)
628 2480 858 2524 Vmbilicum
890 2483 1038 2526 ltaliae
1080 2484 1209 2528 lacum
1242 2484 1500 2536 Cutiliensem
1532 2488 1699 2540 apparet
1733 2496 1814 2527 non
1857 2483 1986 2525 minus
2018 2478 2233 2523 commode
2262 2479 2304 2521 in
2331 2477 2469 2520 ltaliae

632 2555 906 2609 descriptione
938 2557 1000 2606 (h.
1030 2548 1068 2600 ej
1100 2559 1142 2600 in
1172 2558 1319 2601 Rerum
1349 2558 1453 2600 hum.
1483 2558 1642 2610 libris),
1673 2569 1790 2612 quam
1821 2556 1862 2597 in
1891 2554 2123 2597 Geometria
2154 2551 2237 2593 dici
2264 2553 2469 2606 potuisse;

633 2628 683 2669 ‘de
713 2618 829 2680 lacu,
862 2628 904 2670 in
932 2641 1013 2682 quo
1037 2617 1380 2687 flamidinum,
1409 2644 1489 2674 non
1516 2631 1647 2674 minus
1679 2629 1909 2682 commode,
1939 2639 2058 2683 quam
2087 2625 2139 2669 de
2168 2624 2260 2668 aliis
2288 2624 2468 2675 lacubus,
2520 2627 2525 2637 ‘

632 2703 670 2743 in
705 2700 977 2745 Admirandls.
1010 2723 1068 2737 —
1095 2702 1247 2748 Contra
1280 2716 1386 2759 qnae
1423 2702 1546 2760 supra
1573 2702 1892 2759 expiompsimus
1923 2701 2107 2745 Pliniana
2145 2698 2223 2754 ill,
2254 2699 2307 2752 5,
2336 2698 2390 2740 45
2426 2701 2468 2738 et

638 2774 704 2826 ΙΙΙ,
734 2775 798 2827 ¹0,
819 2775 887 2828 95,
914 2787 964 2818 ea
987 2775 1134 2831 quippe
1160 2777 1203 2820 in
1225 2777 1524 2821 intervallorum
1556 2774 2104 2820 dimensionibusverstniia
2133 2771 2472 2830 geometriae

632 2842 825 2903 imprimis
864 2855 955 2904 apta
988 2854 1092 2894 sunt.
